2940 5190
355 380 695 485 'Crotum
737 386 856 480 Lru'.
891 372 973 479 lv.
1131 396 1217 502 ης

15 648 21 655 -
150 592 353 677 Coeruleus
370 595 536 691 Proteus,
568 614 751 697 magnum
761 588 828 697 qui
840 585 1000 699 piscibus
1018 604 1156 699 a'equor

151 734 202 813 Et
212 735 344 841 junsto
363 730 545 841 bipedum
557 756 667 809 curru
684 727 843 808 metitur-
854 752 1050 835 equorunu

150 873 228 953 Hic
245 901 345 953 nunc
363 870 562 952 Emathiae
577 885 705 978 portua
724 868 957 977 patriamque
971 869 1091 951 revifit
1129 890 1213 985 390

149 1011 337 1093 Pailenen.
368 1008 472 1090 hunc
489 1007 735 1118 et‘nymphae
752 1036 983 1106 veneramur,
1013 1028 1051 1091 et
1071 1012 1145 1121 ipse

149 1148 392 1231 Grmdaevus
405 1150 577 1229 Nereus:
608 1147 712 1227 novit
729 1175 892 1257 namque
911 1148 1042 1229 omnia·
1055 1168 1168 1250 vatea',
1204 1174 1208 1184 ·

149 1294 258 1400 Qae
288 1293 369 1387 fint,
399 1317 495 1400 quae
521 1287 669 1383 fuerint,
700 1311 795 1397 quae
826 1315 919 1368 mox
955 1305 1107 1371 ventura
1141 1308 1218 1370 trae

146 1486 158 1499 ·-
211 1431 359 1514 hantur.
518 1488 520 1493 -
782 1526 790 1539 ι

147 1570 298 1679 Qippe
316 1569 366 1673 ita
379 1569 560 1675 Neptuno
578 1566 696 1646 visum
713 1566 790 1647 est:
823 1567 1003 1647 immania
1021 1570 1128 1679 eujus'

149 1712 344 1810 Armenta,
376 1725 413 1790 et
430 1727 554 1817 turpes
573 1706 686 1817 pascit
702 1706 769 1787 sub
786 1710 929 1818 gurgite
948 1708 1099 1819 phocas.
1127 1720 1181 1824 3'9
1189 1742 1212 1827 5

147 1850 227 1931 Hie
245 1849 325 1945 tibi,
356 1866 452 1943 nate,
483 1847 583 1955 prius
601 1845 732 1925 vinclis
751 1849 963 1955 capiendus,
986 1868 1046 1930 -ut
1060 1862 1215 1935 ornnem

148 1988 333 2098 Expediat
353 1987 477 2068 morbi
496 1985 655 2080 causam,
686 1987 909 2096 eventusque
925 1989 1110 2072 secundet.

148 2131 255 2211 Nam
275 2131 350 2210 fine
368 2131 404 2208 vi
422 2157 499 2208 non
519 2126 595 2207 ulla
613 2126 715 2205 dabit
727 2146 931 2236 praecepta,
963 2156 1086 2239 neque
1104 2131 1215 2211 illurn

149 2272 303 2350 Orando
324 2268 472 2348 fleetes:
504 2267 583 2343 vim
603 2267 736 2343 duram
755 2283 793 2344 et
812 2267 958 2344 vincula
975 2285 1084 2376 capto
1152 2306 1156 2311 ·

148 2411 309 2491 Tendea·
351 2406 430 2488 doli
476 2404 620 2485 circum
662 2402 754 2484 haec
797 2407 956 2487 demum
1000 2402 1215 2520 frangentur

148 2550 344 2631 rinanes.
1054 2612 1057 2619 ·
1123 2572 1212 2659 400

147 2687 227 2797 Ipsa
245 2715 315 2794 ego
331 2704 381 2785 te,
413 2683 554 2766 medios
573 2709 663 2762 cum
682 2683 733 2763 sol
752 2684 959 2765 accenderit
975 2689 1105 2785 aestus,
1174 2722 1179 2727 ·
1199 2720 1205 2730 ·

146 2831 250 2907 Cum
267 2827 392 2904 srtiunt
404 2822 552 2921 herbae,
568 2839 605 2902 et
621 2824 746 2932 pecori
758 2824 837 2931 jar'n
852 2828 988 2931 gratior
1001 2830 1136 2909 umbra
1146 2829 1211 2928 est,

146 2970 191 3049 In
210 2968 344 3047 secreta
359 2965 451 3047 senis
470 2965 620 3059 ducam,
651 2990 730 3072 quo
747 2963 856 3044 feffua
873 2965 921 3046 ab
940 2969 1048 3048 undis

147 3111 192 3189 Se
213 3107 342 3217 recipit
352 3146 365 3205 3
394 3103 503 3186 facile
521 3120 563 3184 ut
579 3104 711 3184 somne
727 3107 936 3213 aggrediare
949 3110 1151 3215 jacentem.
1199 3118 1202 3131 '

145 3248 290 3328 Verum
309 3247 374 3327 ubi
387 3261 598 3354 correptum
612 3244 785 3327 manibus
800 3246 999 3357 vinclisque
1015 3250 1160 3330 tenebis·
1166 3292 1179 3347 3

145 3391 254 3469 Tum
267 3389 385 3468 variae
399 3385 554 3467 illudent
567 3380 715 3495 species,
729 3407 839 3497 atque
857 3416 920 3470 ora
932 3390 1105 3474 ferarum.
1121 3397 1209 3499 406

143 3532 227 3611 Fiet
244 3531 347 3610 enim
365 3530 485 3610 subito
503 3529 560 3608 sus
575 3528 756 3626 horridus,
786 3551 937 3640 atraque
951 3530 1066 3641 tigris,

147 3672 439 3781 Squamosusque
456 3672 579 3767 drac0,
609 3690 646 3752 et
662 3671 764 3750 fulva
783 3676 924 3752 cervice
939 3654 1089 3755 leaena:

145 3811 227 3889 Aut
260 3838 384 3889 acrem
427 3810 601 3890 flammae
641 3808 804 3889 sonitum
847 3808 962 3911 dabit,
1005 3829 1118 3919 atque·
1160 3808 1211 3893 it'a

182 3947 339 4027 ‘vinclis

143 4088 316 4185 Excidet,
348 4105 411 4168 aut
428 4089 466 4169 in
483 4117 595 4198 aquas
616 4106 745 4170 tenues
761 4085 918 4199 dilapsus
936 4087 1063 4171 abibit.
1109 4102 1148 4197 ‘4
1159 4118 1209 4173 ιο

145 4231 218 4351 Sed
237 4248 377 4349 quantu
393 4230 456 4351 ille
476 4233 596 4340 tnagis
609 4230 797 4312 formas-se
813 4238 929 4315 uertet
943 4231 983 4311 in
1001 4258 1144 4326 omnes,

631 4371 708 4455 12
1073 4373 1214 4469 Tanto,
