2940 5190
498 302 1153 439 Pullindrn‘ri'Mia'orus

287 532 398 616 'vitae
411 524 581 642 scriptor:
609 524 728 650 initia
746 527 895 629 aetatis,
925 494 1044 641 idest,
1066 529 1174 639 usqae
1188 500 1366 642 adsepti'.

289 667 397 756 “mum
412 693 561 772 annam,
591 669 881 778 Cremonaaegit.
910 673 1018 770 Quae
1039 672 1150 753 verba
1166 671 1216 753 fic
1233 696 1366 753 emen·

299 814 366 895 dat
381 813 541 921 Scaliger
558 812 597 892 in
619 810 851 909 Eusebium3
884 808 992 918 usqae
1007 805 1277 918 adsedecimum
1294 839 1366 892 aa·

290 963 418 1034 ‘namt
447 980 527 1062 quo
543 951 620 1033 sere
637 979 736 1032 anno
755 944 1021 1032 Mediolanum
1038 951 1225 1034 conceffit.
1277 953 1367 1032 Stu-

289 1091 364 1174 ‘dia
380 1109 509 1173 autem
533 1089 632 1172 illius
656 1085 762 1172 suere
780 1089 917 1170 Graeci
948 1085 1146 1199 praecipue
1172 1080 1364 1188 sermonis,

291 1246 385 1313 tum
402 1230 612 1314 medicinae
628 1248 667 1312 et
690 1229 1041 1312 mathematicarum
1065 1229 1368 1387 disciplinarum:

298 1367 557 1482 phalosophrae
569 1397 734 1478 quoque
763 1368 830 1448 sub
847 1370 987 1476 Syrone
999 1367 1199 1477 Epicureo
1227 1387 1264 1451 et
1275 1369 1368 1475 jux·

290 1522 342 1590 'ta
302 1508 444 1617 taJos.
464 1508 694 1627 Scaligerum
716 1509 783 1588 sub
811 1510 945 1589 Catio
947 1510 1060 1589 etiam
1080 1510 1259 1609 lnsubri,
1257 1508 1369 1620 ejus·

292 1646 393 1730 ’dem
411 1647 528 1729 seruc
546 1645 782 1759 philosopho,
812 1649 877 1757 qui
909 1647 1120 1729 Mediolani
1144 1669 1251 1731 natus
1277 1667 1367 1734 erat.

300 1788 375 1871 Et
365 1817 404 1870 m
416 1817 463 1872 eo
475 1787 633 1899 quidem
646 1788 769 1869 studio
784 1791 927 1871 socium
940 1789 1071 1869 habuit
1086 1791 1232 1872 Varum
1243 1789 1367 1888 illum,
1405 1857 1407 1862 .

296 1920 407 2038 cujus
424 1928 540 2041 gratia
557 1929 699 2011 sextam
717 1929 900 2038 Eclogam
927 1928 1061 2008 deinde
1078 1929 1227 2041 scripfit,
1273 1929 1369 2039 Epi-

302 2096 436 2152 cureae
446 2067 705 2182 philosophiae
722 2069 857 2182 placita
874 2069 921 2150 de
934 2097 1061 2151 rerum
1084 2070 1226 2179 origine
1247 2069 1368 2151 conti

299 2229 467 2329 nentem.

363 2353 514 2435 Pob'sam
530 2353 718 2463 imprimis
735 2354 869 2436 dicitur
881 2329 1086 2465 auspicatus
1104 2351 1228 2434 adhuc
1248 2382 1368 2466 puer:

304 2508 343 2572 et
360 2490 491 2594 Cirim,
512 2494 685 2592 Aetnam,
707 2493 883 2595 Calicem,
901 2497 1096 2596 Moratum,
1128 2497 1268 2604 Copam,
1289 2496 1371 2579 Di·

303 2659 382 2731 ras,
415 2629 638 2730 Catalet‘toa,
683 2631 979 2742 Epigrammata,
1029 2633 1211 2743 Priapeia
1247 2638 1375 2753 junior

303 2763 489 2883 scripsrfl'e.
553 2775 609 2853 At
620 2771 698 2870 Jos.
718 2774 891 2884 Scaliger,
926 2775 1057 2884 etpost
1078 2803 1167 2855 eum
1179 2778 1281 2875 dothf
1294 2777 1372 2859 sere

292 2918 436 3023 {omnes
449 2913 609 2994 Aetnam
627 2913 803 2995 Cornelio
822 2915 954 2996 Severo
972 2917 1209 3023 adjudicant:
1243 2918 1373 2997 More·

130 3097 133 3105 v
291 3072 395 3152 tam,
415 3049 509 3131 Auli
522 3051 690 3161 septimii
704 3054 826 3134 Severi
838 3053 909 3135 esse
923 3055 1024 3135 idem
1040 3056 1256 3164 suspicatur:
1290 3045 1373 3139 Di-

291 3182 383 3291 rae,
416 3190 543 3300 quina
561 3190 711 3306 Valerio
731 3195 875 3276 Catone
895 3195 1046 3304 scriptae
1065 3195 1146 3295 smt,
1193 3226 1240 3277 ne
1258 3196 1371 3277 dubi-

299 3329 369 3411 tari
387 3316 542 3438 quidem
554 3329 714 3440 patitur:
747 3337 874 3442 Copam
892 3334 1053 3443 Virgilio
1072 3334 1200 3415 tribuit
1219 3334 1374 3416 Priscia-

302 3456 386 3563 nus,
417 3467 479 3550 sed
491 3467 715 3552 reclamante
732 3471 942 3584 ¹Scaligero:
988 3473 1183 3582 Priapeia,
1218 3474 1375 3555 obscoe.

300 3607 491 3690 niffimam
518 3610 836 3720 epigrammatum
865 3614 1102 3724 farraginem,
1147 3648 1195 3698 ex
1230 3615 1372 3716 Ovidii,

300 3750 455 3850 Catulli,
486 3753 726 3864 Petroniique
745 3756 923 3841 faecibus
931 3758 1086 3841 colleda
1105 3761 1175 3841 esse
1196 3761 1373 3842 manifes-

296 3890 550 4015 tumest.1n
578 3892 691 3974 Catal
686 3895 773 4000 eiiii
791 3915 829 3979 et
848 3898 1150 4008 Epigrammatis,
1182 3920 1224 3981 ut
1250 3895 1372 3999 niulta

289 4016 381 4108 sunt
406 4030 559 4139 indigna
577 4033 752 4166 Virgilio,
781 4028 932 4149 propter
946 4041 1148 4124 maledicos
1176 4060 1214 4121 et
1232 4041 1376 4124 invere-

290 4159 443 4249 cundos
474 4167 592 4270 salea;
624 4171 675 4252 ita
692 4176 851 4346 paucula
872 4179 1056 4289 quaedam
1079 4176 1214 4263 eodem
1232 4181 1378 4262 adoles.

75 4524 232 4837 'l
372 4994 381 5005 ,

1265 4339 1375 4404 cente
