2940 5190
521 336 574 433 P.
609 332 884 428 Vrrerrrr
918 329 1200 433 Maronis

323 538 505 627 odeviae
529 552 808 625 umanmmu
825 534 998 621 Romam
1015 532 1205 645 ingredua,
1246 540 1399 629 Censuss

322 681 459 786 latum,
489 698 641 765 mortuo
658 677 878 761 Pansatunc
895 703 1072 775 vacuum,
1113 680 1163 762 cb
1192 681 1312 767 invito
1340 687 1401 770 se·

322 838 630 933 netucxtorquet
652 848 722 928 14.
763 817 853 902 Kal.
881 817 1076 928 Septemb.
1119 819 1184 903 seu
1207 807 1276 934 ip.
1309 825 1397 911 Au-

323 963 437 1077 gusti,
482 981 567 1046 ante
586 989 739 1065 annum
771 959 899 1042 aetatis
923 959 1148 1069 vigefimum
1183 965 1395 1077 expletum.

324 1109 426 1193 Inito
458 1104 650 1193 consulatu
668 1102 798 1185 statim
826 1103 867 1203 in
897 1128 1040 1185 nomen
1072 1120 1112 1183 et
1132 1102 1233 1186 bona
1263 1106 1401 1203 Caesa·

297 1240 301 1249 ¹
323 1251 375 1338 rie
409 1251 493 1361 lege
507 1247 658 1348 tranliit,
701 1245 926 1354 vocansque
944 1243 1000 1326 est
1017 1244 1192 1357 deinceps
1205 1248 1254 1329 ab
1271 1250 1408 1347 omni..

323 1396 410 1493 bus,
441 1392 569 1473 Dione
583 1389 677 1471 teste
695 1387 721 1470 l.
746 1392 818 1494 46.
844 1387 893 1471 C.
914 1387 1081 1491 Jnarue
1097 1387 1293 1473 Caesen
1309 1393 1399 1474 Oc·

325 1555 593 1615 cerrenus.
656 1526 777 1610 Paulo
805 1526 901 1638 post,
948 1555 1087 1638 nempe
1122 1557 1193 1642 27.
1219 1531 1400 1619 Novem-

324 1673 416 1773 bris,‘
444 1670 521 1783 ipse
535 1698 579 1751 ac
596 1669 660 1751 M.
672 1669 862 1751 Antonius
878 1684 916 1749 et
929 1668 993 1753 NL
1007 1667 1196 1768 Aemilius
1214 1671 1398 1784 lepidus,

323 1808 539 1896 triumviros
554 1810 592 1893 sc
604 1810 829 1924 reipublicae
840 1807 1118 1892 constituendae
1132 1809 1173 1890 in
1183 1811 1399 1922 quinquen·

323 1953 435 2039 nium
451 1951 680 2048 renunciant,
713 1949 944 2061 magistratus
958 1948 1097 2060 absque
1112 1949 1256 2033 senatus
1273 1969 1313 2034 et
1328 1983 1400 2066 po-

325 2093 408 2206 puli
425 2089 578 2175 confilio
598 2090 789 2200 defignant
805 2091 846 2171 in
862 2090 966 2171 idem
992 2106 1156 2201 tempus,
1184 2092 1399 2207 proscripti·

322 2262 440 2317 onem
460 2232 705 2316 ininicorum
720 2233 875 2314 suorum
894 2231 1078 2332 indicunt,
1110 2262 1187 2344 qua
1203 2234 1341 2320 Cicero
1355 2264 1398 2356 7,

161 2384 164 2391 '
323 2373 550 2460 Decembris
562 2372 703 2454 occisus
716 2372 783 2458 est.

387 2515 495 2595 Hinc
522 2513 653 2595 erroris
684 2530 900 2623 arguuntur,
948 2515 1018 2623 qui
1055 2513 1187 2597 volunt
1211 2517 1400 2628 Eclngem

324 2655 478 2766 virgilii
501 2655 643 2738 sextam
666 2658 822 2738 Romae
849 2656 1020 2738 auditam
1033 2686 1061 2739 a
1089 2659 1272 2743 Cicerone
1292 2662 1401 2745 friiffe

324 2797 368 2882 in
396 2795 555 2901 theatro,
612 2827 704 2881 curn
732 2827 755 2879 a
782 2798 988 2910 Cytheride
1017 2801 1139 2882 mima
1167 2821 1376 2886 cantaretur
1383 2842 1401 2919 ς]

322 2941 579 3053 eumdemque
603 2944 800 3027 Romanae
817 2942 1051 3053 eloquentiae
1081 2942 1306 3055 principem,
1350 2945 1400 3028 ad

323 3081 432 3165 suam
459 3102 497 3163 et
516 3083 605 3164 novi
634 3092 764 3194 politae
785 3083 936 3165 laudem
954 3083 1195 3166 exclamaffe:
1237 3112 1397 3194 magnae

310 3219 397 3332 spes
415 3219 540 3303 altera
564 3224 721 3311 Romae:
768 3252 864 3334 quae
882 3225 993 3305 verba
1018 3226 1194 3334 deinceps
1215 3225 1397 3334 Virgilius

323 3360 364 3442 in
378 3359 548 3442 Aeneida
561 3360 735 3444 retulerit.
800 3365 910 3444 Turn
923 3365 1040 3462 enim,
1072 3363 1398 3447 cum·Cieerooc·

323 3496 420 3583 cisus
438 3498 505 3599 est,
537 3498 696 3608 Eclogas
708 3502 862 3584 scribere
874 3505 1048 3586 nondum
1063 3503 1245 3614 Virgilius
1258 3531 1398 3615 coepe·

322 3657 400 3723 ret:
432 3641 758 3723 necdumvvenerat
770 3643 967 3730 Romam:
995 3643 1211 3743 sedadhuc,
1229 3645 1411 3735 aut·Me.·

50 3848 58 3860 .
169 3825 172 3829 Δ
322 3779 476 3882 diolani,
507 3799 571 3865 aut
590 3781 630 3864 in
643 3810 726 3868 rure
745 3783 813 3869 suo
827 3786 1052 3888 versabatur,
1082 3805 1126 3871 ut
1146 3810 1242 3869 mex
1262 3783 1399 3868 deinde

321 3918 572 4007 ostendemus.

1264 4340 1400 4466 Atinae
