2940 5190
327 344 424 453 92·
505 318 555 415 Ρ.
590 317 852 415 Vmeruu
886 314 1197 416 Minoum*

324 522 515 631 Undaque
533 521 616 630 jam
629 534 735 628 tergo
749 515 901 599 ferratos
914 515 1065 603 sustinet
1078 524 1198 621 orbes,

322 661 520 773 Puppibus
531 658 596 740 ilia
611 657 713 768 prius
728 655 874 768 pabulis,
903 683 1004 738 nune
1019 655 1163 770 hospita
1178 661 1359 772 plaustris,

323 805 499 913 Aeraque
514 796 693 881 disiiliunt
707 796 844 906 vulgo,·
867 794 1055 907 vestesque
1074 800 1273 909 rigescunt

321 942 494 1040 Indutae‚
522 937 757 1048 caeduntque
773 934 960 1018 securibus
976 934 1136 1022 humida
1155 944 1252 1042 vina,

321 1084 376 1166 Et
389 1099 488 1165 totae
504 1078 662 1162 solidam
680 1079 720 1157 in
740 1076 901 1186 glaciem
915 1094 1055 1159 vertere
1072 1079 1239 1180 lacume,
1299 1091 1400 1200 365.

163 1278 168 1283 .
323 1223 505 1333 stifiaque
525 1217 686 1328 impexis
705 1215 873 1297 induruit
886 1213 1037 1299 horrida
1053 1219 1189 1305 barbis.

321 1364 468 1445 Interea
478 1377 650 1439 totonon
671 1354 786 1434 secius
805 1361 888 1434 abre
901 1354 1046 1463 ningit:

321 1504 513 1584 Intereuut
522 1495 702 1607 pecudes,
732 1491 828 1573 stant
844 1494 1066 1577 circumfun
1081 1499 1225 1608 pruinis

321 1642 492 1749 Corpora
503 1662 639 1744 magna
659 1635 803 1715 boum:
834 1633 1076 1743 confertoque
1096 1640 1245 1746 agmine
1257 1644 1360 1724 cervi

322 1779 496 1889 Torpent
508 1772 610 1856 mole
626 1800 734 1871 nova,
760 1789 798 1851 et
810 1771 966 1851 summis
979 1773 1043 1853 vix
1059 1778 1233 1859 cornibus
1249 1799 1389 1864 extant.

321 1918 409 1999 Hos
424 1942 502 1997 non
520 1912 691 1995 immissis
708 1911 873 2006 canibus,
903 1938 981 1992 non
998 1913 1154 1995 caffibus
1168 1917 1264 2015 uilis,
1299 1951 1383 2037 37¹

319 2054 552 2140 Puniceaeve
568 2051 706 2162 agitant
722 2048 874 2160 pavidos
889 2047 1090 2134 formidine
1105 2082 1247 2164 pennae
1264 2092 1276 2142 t

321 2196 396 2278 Sed
412 2194 546 2278 frustra
563 2191 775 2303 oppositum
791 2189 978 2272 trudentes
993 2195 1142 2302 pedore
1161 2208 1350 2281 montem

320 2335 551 2417 Comminus
568 2331 791 2412 obtruncant
808 2328 921 2428 ferro,
940 2332 1169 2444 graviterque
1186 2340 1361 2423 rudentes
1384 2374 1390 2381 ·

321 2473 508 2570 Caedunt,
538 2489 577 2552 et
593 2498 733 2577 magno
747 2469 833 2549 laeti
849 2468 1012 2552 clamore
1030 2494 1227 2582 reportant.
1299 2510 1354 2592 37
1361 2509 1384 2590 5

321 2608 397 2720 Ipsi
413 2609 453 2689 in
470 2608 617 2689 defoffis
635 2607 814 2716 specubus
832 2606 957 2687 secura
969 2608 1034 2688 sub
1048 2611 1121 2692 alta

321 2749 659 2859 Otiaaguntterra,
690 2744 938 2855 congestaque
958 2749 1104 2853 robora,
1136 2752 1303 2864 totasque

324 2889 532 2973 Advolvere
549 2886 643 2968 focis
658 2886 794 2983 ulmos,
825 2886 978 2996 ignique
994 2887 1139 2975 dedere.

245 3075 248 3083 ·
321 3032 401 3112 Hic
423 3033 573 3111 noctem
594 3027 685 3107 ludo
705 3027 859 3120 ducunt,
890 3047 928 3105 et
946 3029 1080 3135 pocula
1093 3033 1178 3111 laeti

319 3169 525 3249 Fermento
540 3184 652 3273 atque
666 3164 779 3245 acidis
791 3163 983 3245 imitantur
1002 3167 1098 3246 vitea
1111 3167 1235 3249 sorbis.
1300 3169 1386 3279 380

319 3307 427 3387 Talis
440 3308 687 3416 Hyperboreo
704 3306 845 3414 septem
861 3304 1022 3412 subjedia
1036 3307 1146 3389 trioni

319 3449 425 3528 Gens
442 3447 602 3526 effraena
622 3446 745 3525 virum
770 3444 943 3553 Riphaeo
960 3448 1127 3530 tunditur
1151 3478 1255 3546 euru,

318 3592 371 3672 Et
387 3588 578 3700 pecudum
600 3583 712 3667 fulvis
723 3583 861 3665 velatur
874 3612 1028 3698 corpora
1042 3588 1136 3675 setis.

319 3730 357 3810 Si
372 3729 441 3810 tibi
454 3727 632 3809 lanicium
646 3752 754 3810 curae
763 3758 778 3807 ε-
804 3727 973 3835 primum
991 3729 1116 3839 aspera
1126 3729 1239 3841 sylva,

316 3870 544 3977 Lappaeque
557 3864 757 3973 tribulique
770 3863 905 3946 absint:
918 3862 1008 3972 fuge
1022 3866 1157 3976 pabula
1170 3866 1283 3951 laeta:
1299 3868 1352 3981 38
1360 3898 1383 3982 ς

316 4007 582 4116 Continuoque
595 4034 722 4117 greges
733 4005 828 4086 villis
842 4003 922 4114 lege
934 4005 1114 4091 mollibus
1127 4010 1242 4091 albos.
1258 4042 1263 4052 ·

316 4141 433 4230 Illum
445 4162 587 4246 autem,
618 4145 789 4256 quamvis
808 4145 899 4266 aries
920 4145 967 4233 fit
981 4149 1160 4266 candidus
1179 4149 1269 4264 ipse,

1266 4286 1387 4400 Nigra
