2940 5190
392 374 757 480 Aruernos.
795 381 1006 482 Lran.
1161 397 1254 487 22'1
1292 314 1296 331 ι

192 588 313 687 Vade,
328 613 409 695 age,
427 604 525 683 nate,
543 612 637 666 voca
651 581 849 694 zephyros,
871 602 909 667 et
926 585 1048 669 labere
1065 592 1215 698 pennis:

192 726 499 835 Dardaniumque
523 725 675 822 ducem,
698 723 815 831 Tyria
836 722 1061 833 Carthagine
1073 730 1140 836 qui
1158 757 1260 812 nunc

194 868 405 977 Exspedtat,
431 864 585 972 fatisque
603 863 705 942 datas
721 889 798 942 non
812 861 958 970 respicit
971 866 1094 970 urbes,
1172 898 1225 956 22
1233 866 1266 983 ς’

193 1007 421 1116 Alloquere;
452 1021 489 1084 et
506 1001 640 1082 celeres
657 1000 761 1080 deser
784 1028 871 1080 mea
890 1001 988 1083 dieta
1002 1033 1069 1113 per
1081 1034 1198 1090 auras.

194 1147 288 1229 Non
308 1145 419 1224 illum
444 1142 552 1221 nobis
565 1141 732 1248 genetrix
745 1138 998 1249 pulcherrima
1016 1143 1133 1229 talem

196 1287 383 1387 Promifit,
415 1283 649 1391 Graiumque
676 1282 760 1362 ideo
778 1281 835 1361 bis
854 1283 1016 1366 vindicat
1036 1287 1170 1371 armis:

195 1429 268 1508 Sed
302 1425 395 1518 fore,
424 1421 490 1530 qui
520 1421 710 1529 gravidam
746 1421 923 1530 imperiis,
963 1425 1138 1536 belloque
1186 1425 1262 1509 fre·

377 1579 548 1642 mentem

194 1701 342 1785 Italiam
365 1717 517 1808 regeret,
543 1727 659 1808 genus
683 1698 759 1779 alto
777 1727 799 1780 a
819 1676 994 1809 sanguine
1008 1704 1151 1787 Teucri
1175 1733 1260 1820 230

193 1842 381 1938 Proderet,
399 1866 443 1920 ac
472 1856 596 1920 totum
615 1837 683 1919 sub
702 1838 800 1946 leges
826 1841 990 1922 mitteret
1013 1843 1157 1935 orbem.

195 1981 234 2060 Si
253 1979 355 2062 nulla
371 1979 538 2060 accendit
555 1995 740 2059 tantarum
759 1977 875 2084 gloria
891 2009 1032 2084 rerum,
1254 1962 1257 1967 ’

194 2124 281 2205 Nec
310 2120 417 2227 super
434 2118 510 2227 ipse
529 2118 592 2199 sua
609 2116 764 2197 molitur
784 2116 893 2199 laude
916 2118 1104 2219 laborem;

195 2261 404 2343 Ascanione
420 2275 522 2367 pater
538 2259 730 2337 Romanas
748 2255 888 2337 invidet
904 2264 1030 2340 arces?

196 2401 303 2500 Quid
331 2398 470 2480 struit?
499 2414 562 2478 aut
587 2425 662 2507 qua
692 2397 754 2505 spe
789 2395 941 2477 inimica
972 2398 1012 2478 in
1037 2416 1148 2509 gente
1176 2427 1263 2482 mo·

379 2544 513 2622 ratur?
1174 2569 1227 2652 23
1236 2570 1261 2654 5

159 2764 164 2773 .
196 2683 283 2762 Nec
302 2680 447 2791 prolem
466 2678 675 2762 Ausoniam
691 2695 729 2759 et
741 2679 896 2760 Lavinia
919 2680 1064 2792 respicit
1088 2688 1201 2765 arva?

193 2821 368 2928 Naviget.
389 2817 483 2899 haec
500 2820 648 2900 summa
666 2818 743 2915 est;
772 2815 836 2897 hic
848 2819 960 2898 nostri
979 2824 1137 2901 nuncius
1155 2820 1247 2903 esto.

195 2963 363 3044 Dixerat.
395 2960 458 3040 ille
476 2961 587 3068 patris
604 2959 730 3068 magni
747 2986 874 3073 parere
888 2959 1038 3067 parabat

193 3103 386 3211 Imperio:
416 3118 454 3182 et
467 3101 636 3210 primum
655 3099 812 3209 pedibus
828 3099 953 3178 talaria
969 3101 1084 3181 nedtit

194 3246 340 3340 Aurea3
354 3269 450 3351 quae
463 3240 664 3321 sublimem
675 3239 754 3335 alis,
768 3239 841 3319 live
858 3266 1020 3347 aequora
1034 3239 1156 3349 supra,
1174 3267 1260 3352 240

195 3384 268 3462 Seu
286 3403 434 3478 terram,
449 3380 579 3489 rapido
599 3380 734 3490 pariter
749 3408 842 3460 cum
860 3377 1012 3460 flamme
1028 3397 1187 3490 portant.

195 3524 305 3604 Tum
317 3522 461 3630 virgam
482 3522 592 3630 capit.
622 3518 695 3602 hac
715 3521 856 3602 animas
873 3518 936 3600 ille
951 3538 1080 3601 evocat
1100 3523 1203 3603 Orco

198 3662 395 3762 Pallentes,
419 3663 507 3743 alias
530 3661 598 3742 sub
611 3661 727 3743 tristia
744 3663 901 3742 Tartara
918 3662 1034 3741 mittit
1049 3700 1062 3758 3

194 3803 273 3883 Dat
291 3804 440 3883 somnos
453 3802 673 3911 adimitque,
692 3820 730 3882 et
749 3801 895 3880 lumina
911 3818 1035 3880 morte
1047 3800 1214 3909 resignat.

194 3941 265 4023 Illa
279 3941 393 4024 fretus
413 3943 490 4050 agit
508 3960 648 4039 ventos,
667 3959 705 4021 et
721 3940 867 4021 turbida
884 3956 1002 4021 uanat
1172 3964 1229 4047 24
1234 3966 1258 4052 ς

194 4078 362 4164 Nubila:
389 4083 546 4189 jamque
571 4082 697 4168 volans
728 4079 873 4190 apicem
914 4096 953 4162 et
998 4079 1110 4163 latera
1146 4076 1263 4161 ardua

383 4237 501 4302 cermt

1103 4339 1263 4423 nunes
1363 4448 1366 4453 ,
1447 4304 1469 4339 “
