2940 5190
100 446 103 455 ·
251 319 1012 484 :BucourancmlIL'
1156 419 1186 513 9

112 600 173 687 Bis
192 594 293 675 venit
312 591 360 674 ad
377 566 592 685 maldram,
611 579 720 669 binos
738 587 803 670 alit
815 589 929 670 ubere
944 586 1098 695 foetus)
1131 596 1191 704 301

81 714 85 725 ’
114 744 300 848 Depono:
331 752 374 813 tu
393 733 468 827 dic,
483 757 641 812 mecum
660 757 739 837 quo
752 731 907 840 pignore
927 750 1054 818 certes.
1110 717 1112 723 ⁵

114 880 206 963 Me.
221 877 283 956 De
295 899 406 982 grege
421 869 624 949 nonahsrm
637 867 843 978 quicquam
855 870 1039 980 deponere
1050 870 1195 958 tecum.

115 1020 183 1109 Est
191 1015 293 1099 mihi
307 1039 472 1121 namque
484 1010 592 1092 domi
609 1025 724 1120 pater,
741 1009 797 1090 est
810 1011 942 1119 injusta
959 1042 1139 1098 noverca:

117 1161 254 1270 Bisque
272 1157 332 1237 die
350 1170 552 1234 numerant
568 1151 684 1231 ambo
698 1178 824 1260 pecus
845 1152 936 1234 alter
948 1173 985 1234 et
1001 1153 1153 1242 hoedos.
1194 1154 1197 1159 ’

118 1301 268 1382 Verum
286 1292 458 1403 id„quod
466 1288 590 1372 multo
608 1307 687 1370 tute
705 1289 779 1398 ipse
795 1290 958 1374 fatebere
971 1296 1104 1404 majus,
1138 1323 1199 1407 35·

122 1437 285 1526 Insanire
298 1434 391 1514 libet
403 1430 583 1541 quoniam
599 1430 679 1528 tibi,
697 1432 830 1541 pocula
843 1461 985 1543 ponam

121 1575 279 1683 Pagina,
299 1571 484 1652 caelatum
497 1570 613 1651 divini
623 1598 717 1681 opus
733 1571 1027 1662 Alcimedontis:

123 1720 247 1799 Lenta
264 1712 403 1822 quibus
418 1727 526 1794 torno
544 1708 646 1791 facili
660 1711 892 1820 superaddita
909 1717 1005 1816 vitis,

125 1852 294 1939 Diffitsos
305 1849 444 1935 hedera
461 1849 569 1933 vestit
586 1849 747 1960 pallente
764 1854 975 1964 corymbos.

126 1998 172 2078 In
192 1993 319 2075 medio
336 1993 413 2073 duo
431 1992 546 2100 signa,
563 1993 722 2074 Conone
753 2011 791 2073 et
808 1997 891 2102 quis
908 1997 982 2077 fuit
998 1997 1114 2080 alter?
1142 2026 1200 2105 40

91 2190 95 2200 ,
128 2133 329 2242 Descripsit
346 2132 452 2212 'radio
466 2148 591 2211 totum
608 2130 675 2238 qui
691 2114 863 2238 gentibus
875 2134 1029 2218 orbem:
1205 2185 1212 2195 ·

128 2276 326 2383 Tempora
344 2301 442 2379 quae
462 2268 609 2363 messor,
630 2297 726 2376 quae
744 2298 880 2350 curvus
897 2292 1014 2354 arator
1030 2271 1206 2356 haberetr

129 2415 315 2498 Necdum
333 2411 405 2490 illis
421 2409 522 2491 labra
535 2408 697 2507 admovi,
719 2408 781 2490 sed
795 2411 944 2495 condita
956 2415 1070 2501 servu.

132 2559 226 2643 DA.
237 2555 296 2634 Et
314 2550 424 2632 nobis
442 2551 546 2631 idem
557 2548 786 2631 Alcimedon
799 2553 876 2633 duo
892 2558 1027 2665 pocula
1043 2558 1152 2656 fecit,·

132 2701 184 2780 Et
202 2695 313 2778 molli
327 2691 540 2776 circumest
556 2690 657 2772 ansas
669 2693 866 2804 amplexus
878 2700 1055 2785 acantho:
1149 2731 1176 2808 4
1183 2728 1208 2810 ς

136 2839 364 2949 Orpheaque
382 2837 422 2915 in
438 2834 567 2916 medio
585 2832 720 2942 posuit,
736 2835 924 2945 sylvasque
945 2842 1148 2948 sequentes.

131 2978 321 3062 Necdum
337 2973 410 3055 illis
428 2973 529 3055 labra
549 2971 714 3070 admovi,
731 2972 793 3053 sed
815 2975 964 3056 condita
979 2978 1094 3061 servo.
1200 3022 1203 3033 ·

141 3121 178 3200 Si
192 3115 409 3227 ad'vitulam
424 3115 575 3224 spedas,
590 3110 686 3194 nihil
703 3113 758 3193 est
775 3114 880 3223 quod
890 3118 1026 3227 pocula
1043 3119 1182 3204 laudes.

141 3261 269 3343 Mer.
307 3257 524 3365 Nunquam
552 3251 667 3335 hodie
699 3251 877 3363 effugies:
921 3261 1084 3365 veniam,
1117 3289 1215 3370 quo-

153 3463 161 3474 .
327 3424 496 3506 cumque
524 3395 676 3479 vo'caris.

144 3539 287 3623 Audiat
303 3532 397 3618 haec
413 3553 564 3617 tantum
584 3534 644 3617 vel
661 3536 727 3645 qui
740 3535 860 3623 venite
880 3567 979 3638 ecce,
999 3541 1215 3627 Palaemon.

144 3682 322 3764 Efficiam
340 3675 493 3791 posthac
513 3706 561 3758 ne
575 3705 808 3787 quemquam
825 3708 916 3763 voce
934 3681 1089 3765 lacessas.
1163 3710 1214 3792 51

147 3825 239 3905 DA.
271 3820 377 3929 Qin
408 3848 488 3929 age,
521 3818 660 3927 s1quid
678 3816 819 3918 habes3
851 3822 891 3901 in
923 3850 1115 3904 memora
1145 3849 1222 3903 non

209 3994 213 3999 ·
333 3962 403 4040 erit
418 3960 509 4064 ulla',

150 4103 239 4185 Nec
259 4126 492 4209 quemquam
509 4098 645 4211 fugio:
677 4118 838 4197 tantum,
863 4100 983 4181 vicine
1008 4101 1225 4201 Palaemon,

153 4238 323 4325 Sensibus
337 4239 431 4325 haec
449 4243 549 4347 imis,
572 4271 628 4326 res
646 4241 793 4324 estnon
815 4269 940 4350 parva,
953 4267 1120 4351 reponas.

1148 4396 1229 4482 Pa.
