2940 5190
383 310 711 404 Gnoncren.
747 307 861 401 Lis,
899 309 959 402 II.
1158 337 1221 436 59
1303 245 1313 263 ·

147 517 283 599 Ferrea
298 536 385 596 vox.
425 515 523 610 ades,
544 529 581 592 et
598 510 712 622 primi
725 509 806 618 lege
819 508 936 590 litoris
952 538 1071 594 oram.

150 653 534 738 samninusserrae:
565 627 1077 754 nonlsictecarnsinefi'tio,
1157 681 1216 766 45

150 800 280 905 Atque
298 797 567 908 per-ambages,
583 812 621 876 et
637 793 750 903 longa
767 792 894 872 exorsa
905 794 1053 878 tenebo.

209 938 350 1048 Sponte
365 938 432 1020 sua
442 965 539 1048 quae
553 936 588 1018 se
605 935 746 1017 tollunt
757 934 796 1013 in
810 933 961 1016 luminis
972 965 1089 1035 auras,

149 1073 384 1167 Insoecunda
400 1077 568 1188 quidem,
590 1076 653 1158 sed
671 1075 765 1157 laeta
782 1091 820 1155 et·
834 1074 944 1157 sortia
962 1077 1127 1185 surgune

148 1215 306 1327 Quippe
316 1216 394 1300 solo
402 1236 532 1301 natura
539 1216 678 1299 subest:
697 1231 823 1296 tannen
830 1198 923 1296 haec
932 1243 1086 1324 quoque
1097 1217 1215 1327 siquis

148 1355 300 1454 Inserat,
318 1375 383 1441 aut
402 1357 590 1439 scrobibus
603 1356 756 1448 mandet
766 1371 908 1445 murata
920 1354 1091 1454 subaffls,
1164 1388 1220 1470 50

147 1494 562 1606 Exuerintsylvestrem
579 1498 768 1580 animum:
801 1495 979 1607 cultuque
991 1497 1189 1608 frequenti,

146 1631 194 1711 In
206 1617 444 1748 quascunque
461 1666 570 1721 voces
592 1647 697 1740 artes,
728 1637 834 1719 haud
843 1637 946 1719 tarda
962 1639 1172 1749 sequentur»

146 1771 311 1863 Necnon
329 1794 368 1859 et
389 1776 519 1862 sterilis
532 1808 629 1892 quae
640 1779 813 1892 stirpibus
826 1778 903 1859 exit
923 1781 971 1861 ab
985 1781 1084 1878 imis,

65 1937 68 1940 ’
149 1912 239 1998 Ηοε
256 1917 379 2020 faciet,
399 1950 536 2005 vacuos
552 1922 580 2003 ti
594 1923 639 2003 sit
651 1923 790 2030 digesta
804 1949 869 2031 per
879 1949 1006 2030 agros:

145 2055 265 2138 Nunc
283 2060 377 2140 alne
393 2063 544 2144 frondes
560 2082 600 2143 et
611 2064 706 2142 rami
726 2062 854 2143 matris
867 2079 1036 2171 opacant,
1164 2088 1218 2175 55

145 2197 410 2310 crescentique
421 2203 595 2283 adimunt
612 2202 745 2299 foetus,
765 2219 952 2309 uruntque
964 2204 1158 2281 ferentem.

44 2375 48 2383 ·
145 2335 249 2441 Jam,
267 2365 363 2444 quae
376 2338 576 2419 seminibus
588 2339 697 2446 jaffis
711 2337 746 2416 se
760 2337 904 2418 sustulit
917 2338 1037 2436 arbos,

144 2474 274 2557 Tarda
289 2477 402 2577 venit,
424 2478 509 2560 seris
525 2479 667 2561 sasirrra
682 2480 878 2591 nepotibus
901 2481 1103 2562 umbramz

146 2615 342 2728 Pomaque
355 2622 580 2730 degenerant
593 2622 722 2705 succos
741 2621 857 2703 oblita
876 2619 1037 2733 priores:

144 2756 197 2835 Et
214 2766 338 2866 turpes
352 2763 483 2842 avibus
503 2764 680 2873 praedam
694 2763 766 2842 fert
780 2789 851 2840 uva
863 2789 1044 2843 racemos.
1161 2760 1217 2840 6ο

145 2895 294 2979 Scilicet
306 2902 482 3016 omnibus
503 2903 556 2984 est
567 2902 671 2984 labor
683 2900 975 3011 impendendum
990 2918 1028 2981 et
1047 2925 1179 2979 omnes

145 3037 348 3147 Cogendae
363 3042 403 3122 in
418 3040 577 3144 sulcum,
590 3072 634 3126 ac
647 3043 768 3125 multa
782 3039 1193 3162 mercededomandae'.
1242 3060 1245 3064 ·

145 3179 217 3260 Sed
229 3181 370 3263 truncis
383 3182 486 3265 oleae
501 3185 647 3284 melius,
667 3184 870 3295 propagine
888 3186 979 3267 vites

144 3318 401 3429 Respondent,
419 3323 536 3404 solido
552 3323 716 3437 Paphiae
730 3325 777 3405 de
794 3324 927 3406 robore
943 3299 1100 3436 myrttu.
1202 3359 1206 3365 ·

143 3457 427 3543 Plantisedurae
445 3463 561 3573 coryli
582 3463 794 3563 nastuntur,
809 3481 847 3545 et
860 3464 989 3578 ingens
1158 3466 1215 3574 65

143 3600 339 3701 Fraxinus,
358 3602 641 3715 Herculeaeque
653 3607 762 3687 arbos
779 3605 953 3687 umbrosa
963 3629 1136 3698 coronae,
1202 3581 1209 3587 ’

142 3739 380 3854 Chaoniique
397 3745 509 3860 patris
519 3743 692 3855 glandes:
722 3748 837 3827 etiarn
856 3746 971 3828 ardua
989 3743 1116 3854 palma

143 3881 334 3999 Nascitur,
355 3900 393 3965 et
411 3883 512 3967 casus
524 3885 625 3968 abies
642 3885 761 3968 visura
772 3886 948 3968 marinos.

141 4021 318 4104 Inseritur
337 4050 428 4108 vero
439 4051 489 4110 ex
505 4026 610 4111 foetu
631 4029 737 4134 nucis
759 4016 910 4111 arbutus
926 4024 1089 4126 horrida,
1186 4138 1189 4145 .

140 4160 348 4284 Etsterises
363 4165 507 4291 platani
524 4169 645 4256 maios
658 4164 794 4284 gessere
806 4169 991 4257 valentes:
1157 4192 1216 4277 70

1019 4303 1220 4389 Castaneae
