2940 5190
292 416 355 483 20
458 388 507 482 P.
545 377 823 480 Vrrorrrr
858 386 1140 484 Manours

288 589 357 669 Ille
379 587 510 667 dolum
526 589 672 671 ridens:
703 592 793 692 Qu
813 587 960 697 vincula
973 590 1147 671 nestitis?
1179 588 1312 696 inquit.

220 749 223 756 '
289 727 425 806 Solvite
438 755 513 823 me,
528 722 651 836 pueri:
683 718 764 807 satis
778 727 832 806 est
850 719 1006 836 potuill'e
1023 727 1151 809 videri.

289 865 478 962 Carmina,
489 893 583 973 quae
594 865 715 964 vultis,
729 865 958 975 cognoscite:
972 864 1269 961 carminavobis;
1299 891 1320 945 2
1329 888 1352 973 5

289 1005 394 1083 Huic
412 1003 513 1083 aliud
532 1005 711 1084 mercedis
726 1004 818 1086 erit!
848 1002 959 1084 simul
975 1005 1106 1112 incipit
1124 1003 1210 1112 ipse.

289 1145 398 1223 Tum
418 1133 504 1222 vero
523 1139 782 1224 innumerum
806 1134 1027 1253 Faunosque
1045 1142 1211 1250 serasque
1218 1139 1359 1220 videres

292 1283 452 1379 Ludere,
472 1299 556 1360 tum
576 1283 711 1388 rigidas
723 1299 865 1361 motare
882 1273 1080 1362 cacumina
1097 1306 1267 1389 quercus.

290 1422 378 1500 Nec
396 1436 541 1499 tantum
556 1418 710 1499 Phoebo
724 1420 861 1527 gaudet
874 1418 1056 1499 Parnassia
1074 1446 1196 1528 rupes,

292 1559 335 1639 N
337 1587 379 1638 ec
395 1575 541 1636 tantum
560 1555 749 1666 Rhodope
767 1557 948 1638 mirantur
962 1577 999 1638 et
1017 1558 1176 1638 Ismarus
1195 1551 1360 1664 Orphea.

291 1701 474 1808 Namque
490 1702 656 1799 canebat,
676 1702 732 1780 uti
750 1727 933 1808 magnum
948 1701 1138 1810 perinane
1154 1701 1283 1781 coacta
1304 1726 1354 1808 31

293 1841 443 1921 Semina
453 1858 720 1950 terrarumque,
735 1840 968 1948 animaeque,
987 1840 1142 1920 marisve
1155 1839 1316 1937 suiffent,

292 1984 345 2064 Et
358 1982 489 2090 liquidi
507 1980 617 2063 srmul
631 1982 725 2090 ignis
741 2015 751 2064 :
782 1999 825 2061 ut
841 1980 899 2062 his
919 1979 1070 2062 exordia
1091 1983 1221 2092 primis

295 2121 450 2219 Omnia,
466 2120 593 2230 etipse
610 2137 712 2200 tener
727 2121 860 2201 mundi
877 2121 1105 2202 concreverit
1124 2121 1234 2201 orbis.

294 2263 405 2342 Tum
422 2260 554 2342 durare
571 2259 707 2360 solum,
726 2277 764 2342 et
784 2261 989 2342 discludere
1005 2261 1132 2343 Nerea
1145 2264 1267 2343 Ponto
1307 2250 1362 2368 3'5

293 2399 481 2508 Coeperit,
499 2415 536 2477 et
552 2427 678 2479 rerum
691 2400 887 2509 paullatim
901 2401 1050 2519 ¹sumere
1067 2400 1218 2482 formas.
1355 2426 1359 2433 ·

292 2544 457 2650 Jamque
475 2566 619 2618 novum
637 2557 679 2617 ut
696 2559 811 2619 terrae
828 2539 997 2646 stupeant
1011 2539 1190 2620 lucescere
1201 2540 1334 2636 solem,

292 2675 418 2759 Altius
430 2691 540 2784 atque
557 2674 691 2754 cadant
709 2673 888 2754 submotis
906 2672 1067 2753 nubibus
1082 2674 1244 2754 imbres:

296 2814 482 2924 Incipiant
497 2812 617 2925 sylvae
634 2813 909 2922 cumprimum
926 2811 1085 2921 surgere,
1107 2837 1273 2919 cumque

297 2957 398 3036 Rara
416 2983 481 3066 per
495 2956 641 3064 ignotos
658 2971 781 3033 errent
796 2942 971 3034 animalia
988 2968 1147 3034 montes.
1309 2981 1366 3056 40

183 3072 186 3081 ,
298 3096 403 3175 Hinc
420 3094 560 3203 lapides
579 3090 742 3200 Pyrrhae
753 3074 887 3200 jadus,
905 3092 1072 3173 Saturnia
1090 3120 1214 3201 regna,

298 3231 571 3341 Caucaseasque
582 3230 693 3312 refert
706 3228 886 3328 volucres,
904 3230 1123 3339 furtumque
1139 3225 1368 3309 Promethei.

302 3371 377 3453 His
394 3371 573 3479 adjungit,
592 3369 723 3478 Hylan
739 3389 871 3451 nautae
888 3399 965 3480 quo
978 3371 1083 3454 sonte
1094 3370 1266 3451 relietum

303 3510 549 3608 Clamalsent3
581 3527 624 3589 ut
638 3508 737 3607 litus,
751 3509 869 3619 Hyla,
890 3508 996 3618 Hyla
1006 3538 1120 3592 omne
1134 3509 1288 3591 sonaret.

304 3654 356 3733 Et
372 3632 612 3757 fortunatam,
628 3651 655 3729 sr
674 3676 870 3761 nunquam
888 3667 1054 3730 armenta
1071 3649 1232 3747 fuissent,
1313 3676 1340 3755 4
1347 3675 1370 3758 5

304 3791 506 3902 Pasrphaen
521 3791 619 3874 nivei
636 3788 771 3870 solatur
784 3818 912 3874 amore
920 3789 1083 3899 juvenci.

306 3931 387 4032 Ab,
401 3920 666 4041 virgo'infelix,
679 3959 774 4040 quae
784 3944 825 4012 'te
840 3931 1028 4013 dementia
1039 3933 1164 4041 cepit?

307 4072 496 4152 Proetides
509 4070 714 4180 implerunt
726 4069 823 4149 salsrs
836 4071 1041 4179 mugitibus
1059 4097 1190 4180 agros:

308 4212 364 4331 At
383 4239 460 4294 non
477 4227 698 4320 tamturpes
711 4206 904 4320 pecudum
915 4228 1041 4294 tamen
1053 4208 1130 4292 ulla
1144 4207 1265 4288 secuta
1283 4207 1338 4287 est

1111 4344 1345 4462 Concubitus
1359 4384 1373 4443 ς
