2940 5190
315 389 688 488 Asusamus.
722 384 934 485 'lranll
1070 416 1176 520 ¹59

102 602 253 712 Qidve
272 600 427 709 petunt?
458 610 554 704 quae
584 588 757 702 relligio?
796 611 862 674 aut
887 618 984 703 quae
1002 598 1179 685 nechim

286 735 403 820 belli?

39 902 41 907 '
105 878 274 971 Dixerat.
308 880 383 978 ille,
399 877 494 959 dolis
506 874 707 956 inamatus
716 891 754 953 et
766 888 843 954 arte
864 875 1029 989 Pelasga,

103 1027 258 1109 Sustulit
274 1040 403 1105 exutas
415 1020 546 1100 vinclis
563 1019 612 1098 ad
624 1017 739 1098 fidera
752 1016 920 1127 palmas:

103 1171 196 1266 Vos,
213 1167 355 1248 aeterni
368 1165 484 1273 ignes,
500 1178 538 1241 et
557 1184 633 1239 non
644 1156 818 1240 violabile
832 1159 999 1244 vestrum
1159 1225 1160 1229 a

103 1309 240 1428 Testor
254 1332 411 1403 numen,
427 1303 478 1383 ait
489 1333 499 1384 :
512 1380 515 1388 ,
527 1328 593 1382 vos
607 1325 689 1380 arae
706 1298 880 1408 ensesque
899 1302 1064 1405 nefandi,
1098 1336 1178 1429 ¹33

103 1454 213 1555 Qus
232 1449 315 1556 fugi
331 1487 342 1543 3
375 1446 560 1552 vittaeque
579 1442 709 1539 deum,
729 1469 821 1550 quas
839 1441 960 1527 hostia
973 1449 1088 1557 geffig

104 1592 179 1671 Fas
200 1586 297 1669 mihi
315 1576 521 1668 Graiorum
538 1583 674 1664 sacrant
694 1581 872 1665 resolvere
887 1586 974 1693 jura
984 1629 999 1688 5

101 1731 175 1812 Fas
186 1727 300 1810 odiffe
319 1728 430 1826 viros,
449 1743 563 1836 atque
573 1724 704 1805 omnia
714 1723 811 1804 ferre
829 1724 897 1805 sub
911 1755 1036 1831 aurae*

95 1871 141 1951 'Si
161 1898 236 1980 qua
251 1858 412 1978 teguntr'
432 1885 561 1948 teneor
578 1866 716 1976 patriae
729 1894 800 1948 nec
812 1865 956 1977 legibus
972 1871 1072 1962 ullis.
1095 1872 1099 1879 ’

102 2012 169 2090 Tu
185 2011 303 2091 modo
316 2008 501 2118 promiffis
515 2034 680 2102 maneas,
693 2007 905 2117 servataque
919 2012 1037 2096 serves
1097 2023 1178 2106 160

104 2151 221 2257 Troja
234 2149 376 2229 fidem:
410 2149 541 2227 savera
558 2141 692 2242 feram,
711 2146 739 2225 fi
759 2173 897 2254 magna
914 2154 1129 2260 rependam.

104 2288 242 2368 Omnis
256 2287 336 2397 spes
355 2288 548 2380 Danaum,
564 2278 607 2365 et
625 2282 750 2394 coepti
773 2284 910 2364 fiducia
928 2288 1031 2388 belli,

92 2406 263 2509 Palladis
282 2410 428 2505 auxiliis
442 2413 588 2533 semper
604 2423 714 2505 stetit.
742 2423 884 2533 impius
895 2454 948 2509 ex
962 2457 1043 2539 quo

104 2567 277 2680 Tydides
291 2566 353 2647 sed
370 2567 486 2665 enim,
501 2563 758 2674 scelerumque
776 2565 948 2650 inventor
961 2569 1121 2682 Ulysses‚
1217 2574 1222 2585 ’

102 2711 231 2792 Fatale
245 2707 399 2817 aggressi
412 2707 551 2787 sacrato
568 2705 726 2787 avellere
743 2705 889 2815 templo
1096 2717 1180 2829 16³5
1234 2752 1237 2756 -

103 2848 328 2945 Palladium,
347 2847 459 2927 caefis
476 2847 647 2927 summae
661 2846 876 2927 custodibus
892 2850 998 2949 arcis,

104 2991 328 3101 Corripuere
336 2971 482 3070 ⁴sacram
499 2980 679 3098 effigiem,
700 2987 946 3098 manibusque
964 2993 1125 3079 cruentis

104 3129 300 3240 Virgineus
318 3129 394 3209 aust
414 3130 522 3211 divae
537 3129 754 3238 contingere
771 3129 903 3214 vittas:

103 3273 166 3352 Ex
186 3270 253 3351 illo
269 3271 386 3351 fluere
401 3299 445 3352 ac
462 3291 561 3352 retro
576 3269 744 3380 sublapsa
761 3268 889 3352 referri

104 3419 194 3527 Spes
204 3414 401 3497 Danaum:
435 3412 574 3494 fractae
589 3413 696 3510 vires,
709 3411 1069 3501 aversa-doae'mens.
1083 3406 1180 3536 ⁵¹7⁰

104 3560 192 3641 Nec
211 3558 334 3639 dubiis
351 3585 395 3638 ea
412 3557 513 3666 signa
535 3557 639 3638 dedit
652 3557 827 3638 Tritonia
843 3556 1033 3644 monstris.

104 3698 183 3777 Vix
202 3699 366 3807 positum
381 3696 505 3777 castris
524 3695 791 3791 fimulacrum;
817 3694 934 3777 arsere
950 3679 1122 3777 coruscae

103 3838 332 3922 Luminibus
351 3837 526 3918 flammae
546 3835 708 3932 arrectis,
723 3832 904 3943 salsusque
917 3847 1105 3943 peractus

107 3977 227 4057 Sudor
245 3978 299 4077 iit,
318 3994 448 4086 terque
468 3977 545 4087 ipsa
561 3975 652 4073 solo,
675 3973 847 4056 mirabile
865 3973 984 4076 dictu,
1081 3980 1182 4090 '174

103 4117 291 4215 Emicuit,
310 4144 560 4229 parmamque
576 4115 931 4227 ferenshastamque
943 4133 1181 4200 trementem.
1253 4199 1255 4203 ,
1340 4098 1343 4107 ’

105 4257 313 4372 Extemplo
329 4258 504 4341 tentanda
524 4256 615 4371 fuga
631 4258 732 4342 canit
747 4254 1086 4370 aequoraCalcbas
1099 4216 1124 4339 εδ
1214 4280 1219 4288 ·

1097 4396 1185 4481 Nec
