2940 5190
333 395 658 489 Aruernos.
694 387 805 486 Lra
833 390 919 485 111.
1063 418 1168 513 197·

88 585 160 666 Ast
177 584 299 688 illum,
319 605 463 695 ereptae
480 613 621 695 magno
635 583 888 665 inflammatus
908 609 1040 665 amore
1071 609 1158 695 33ο

87 725 278 835 Conjugis,
296 744 333 805 et
351 723 531 806 scelerum
552 723 659 805 furiis
674 723 844 831 agitatus,
863 721 1012 801 Orestes

84 865 238 975 Excipit
251 866 458 965 incautum,
477 864 684 977 patriasque
703 864 899 943 obtruncat
917 863 966 943 ad
984 890 1078 948 aras.

84 1001 214 1085 Morte
227 1002 474 1112 Neoptolemi
493 1029 696 1110 regnorum
712 1000 854 1080 reddita
870 999 973 1081 cellit

83 1143 171 1224 Pars
191 1142 366 1240 Helen03
398 1143 465 1252 qui
483 1140 674 1222 Chaonios
685 1141 912 1249 cognomine
926 1145 1097 1249 campoe,'

83 1278 369 1391 Chaoniamque
382 1280 915 1388 omnemTrojanoaChaone
928 1279 1044 1360 dixit:
1065 1304 1117 1386 33
1125 1299 1166 1386 ς,

83 1420 353 1531 Pergamaque,
376 1423 602 1531 Iliacamque
616 1423 716 1532 jugis
729 1420 827 1503 hanc
839 1421 983 1502 addidit
999 1445 1138 1503 arcem.

83 1558 156 1638 Sed
174 1559 242 1640 tibi
261 1562 328 1681 qui
348 1561 498 1642 cursum
517 1561 631 1666 venti,
649 1588 747 1670 quae
763 1561 839 1643 fata
855 1561 1012 1643 dedere?
1150 1650 1153 1656 4

80 1696 163 1775 Aut
182 1698 352 1805 quisnam
370 1700 543 1809 ignarum
564 1700 695 1781 nostris
707 1701 797 1781 deus
810 1698 953 1809 appulit
969 1702 1071 1785 oris?

80 1835 185 1934 Quid
200 1864 293 1945 puer
308 1838 513 1921 Ascanius?
544 1839 749 1949 superatne,
768 1857 806 1920 et
818 1840 975 1922 vescitur
990 1846 1101 1924 aurai

80 1976 212 2071 Quem
228 1978 296 2058 tibi
315 1981 397 2087 jam
422 1982 549 2088 Troja.
571 2041 580 2060 .
684 2042 694 2065 .
714 2043 725 2064 .
745 2043 758 2067 .
1062 2011 1149 2096 340

78 2116 232 2226 Ecquae
252 2121 334 2226 jam
358 2148 473 2227 puero
489 2120 544 2201 est
562 2121 711 2202 amiffae
728 2148 817 2206 cura
829 2122 1018 2230 parentis?

79 2257 231 2365 Ecquid
248 2259 288 2339 in
307 2260 500 2368 antiquam
517 2263 694 2342 virtutem
713 2262 935 2369 animosque
951 2261 1088 2359 viriles,

78 2397 130 2476 Et
147 2415 251 2506 pater
265 2400 424 2495 Aeneae,
436 2418 474 2479 et
486 2399 690 2480 avunculus
703 2386 838 2480 excitat
856 2402 1030 2483 Hector?

141 2538 252 2618 Talia
270 2539 450 2621 fundebat
463 2539 683 2650 lacrymans,
699 2540 901 2650 longosque
912 2543 1033 2625 ciebat
1129 2558 1163 2641 g·

80 2680 266 2762 Incassum
284 2681 415 2765 fletus:
450 2712 574 2792 quum
587 2684 692 2764 sesea
707 2685 903 2765 moenibus
916 2683 1026 2767 heros
1059 2714 1115 2798 34
1120 2714 1153 2800 ς,

78 2820 284 2902 Priamides
298 2821 427 2900 multis
442 2821 612 2902 Helenus
630 2822 894 2904 comitantibus
909 2822 1028 2920 affert,

77 2956 331 3069 Agnoscitque
348 2959 443 3060 suos,
463 2961 651 3070 laetusque
669 2962 717 3042 ad
736 2961 866 3041 limina
884 2961 1014 3045 ducit:

76 3101 127 3180 Et
150 3099 317 3179 multum
334 3097 515 3208 lacrymas
533 3099 644 3180 verba
661 3099 754 3179 inter
773 3099 915 3207 singula
928 3100 1065 3186 fundit.

78 3241 261 3338 Procedo,
280 3255 318 3319 et
331 3266 485 3348 parvam
502 3240 673 3347 Trojam,
693 3238 937 3349 fimulataque
953 3246 1100 3354 magnis

76 3380 269 3489 Pergama,
288 3395 326 3458 et
342 3397 509 3460 arentem
523 3377 667 3459 Xanthi
681 3378 906 3488 cognomine
924 3382 1080 3498 rivum3
1090 3414 1145 3499 5⁰

76 3519 268 3627 Agnosco,
293 3520 499 3628 Scaeaeque
514 3519 720 3630 ampledtor
738 3519 869 3601 limina
885 3541 1026 3632 portae.

73 3660 237 3770 Necnon
247 3676 284 3738 et
296 3659 435 3740 Teucri
449 3658 545 3741 socia
557 3658 668 3739 fimul
681 3660 773 3739 urbe
787 3658 976 3742 fruuntur.

76 3794 166 3877 Illos
181 3794 384 3905 porticibus
401 3824 468 3877 rex
479 3795 683 3904 accipiebat
700 3797 740 3875 in
753 3796 899 3904 amplis.

75 3933 195 4017 Aulai
213 3936 252 4035 in
270 3934 397 4016 medio
410 3936 574 4020 libabant
590 3933 725 4048 pocula
739 3932 894 4034 Bacchi,
1068 3940 1082 3961 ”

75 4075 264 4188 lmpolitis
281 4104 373 4158 auro
388 4075 558 4187 dapibus,
575 4076 789 4189 paterasque
806 4077 993 4164 tenebant.
1058 4107 1081 4192 3
1090 4109 1113 4194 5
1120 4100 1151 4193 3.

74 4216 238 4336 Jamque
257 4215 347 4337 diqa,
376 4213 541 4335 alterque
553 4218 633 4299 dier
645 4216 843 4340 proceffit3
861 4235 899 4300 et
917 4246 1028 4341 aurae
1127 4233 1139 4287 -“

202 4384 206 4389 ·
560 4357 601 4438 Ο
634 4385 657 4472 3
1056 4356 1154 4438 Vela
