2940 5190
346 345 722 497 uenturos.
778 381 914 481 Lrn.
950 386 1012 483 11.
1137 413 1232 515 179

138 593 449 708 ,Hmcprimum
464 611 585 685 tutare
600 590 778 673 domum.
806 590 870 671 cui
888 580 1149 699 parvusliiius,

153 736 230 817 Cui
248 755 362 847 pater,
378 753 416 814 et
435 735 575 841 conjux
591 731 787 840 quondam
811 748 874 809 tua
892 731 992 820 diuta
1010 728 1230 839 relinquor?

150 875 263 973 Talin
275 874 480 959 vociferans
489 873 634 982 gemitu
651 873 795 950 tenum
810 897 925 950 omne
941 871 1122 979 replebat:
1139 874 1226 982 679

137 1015 255 1116 ¹{Cum
273 1015 439 1101 subitum
456 1014 637 1120 diutuqne
654 1010 770 1101 oritur
788 1009 958 1100 mirabile
975 1011 1202 1095 monstrum.

150 1156 334 1267 Namque
347 1183 481 1239 manus
498 1155 593 1233 inter
611 1131 918 1260 moestorumque
935 1180 1001 1233 ora
1012 1172 1226 1262 petentum,

153 1295 256 1379 Ecce
275 1296 365 1379 levis
382 1295 532 1377 summo
546 1291 594 1371 de
611 1292 747 1373 vertice
759 1289 853 1370 visus
867 1289 941 1370 liiii

152 1432 328 1516 Fundere
349 1431 481 1513 lumen
500 1458 609 1539 apex,
628 1432 822 1537 tractuque
836 1427 988 1511 innoxie
1001 1429 1109 1510 molli

148 1576 339 1659 Lambere
360 1572 516 1665 flamme
529 1598 671 1670 comas,
687 1590 724 1653 et
737 1573 885 1659 circum
899 1589 1069 1682 tempora
1082 1571 1203 1682 pasci.¹

149 1715 236 1795 Nos
243 1716 367 1827 pavidi
375 1716 553 1825 trepidare
562 1732 679 1815 metu,
690 1714 908 1822 crinemque
916 1713 1189 1826 flagrantem68
1198 1742 1223 1830 ς

148 1856 352 1960 Excutere,
371 1873 411 1938 et
423 1855 566 1937 sanctos
583 1853 807 1964 restinguere
822 1853 990 1938 fontibus
1003 1856 1121 1965 ignee.
1201 1854 1204 1861 ’

150 1998 206 2074 At
221 2016 325 2107 pater
339 1994 522 2079 Anchises
541 1994 672 2077 oculos
688 1993 737 2073 ed
756 1993 873 2075 fidere
890 1993 1006 2077 laetus

150 2135 299 2217 Extulit
309 2174 322 2232 ς
352 2152 390 2217 et
407 2134 515 2219 coelo
535 2131 679 2244 palmas
691 2159 783 2214 cum
797 2158 890 2214 voce
904 2134 1075 2217 tetendit.

158 2268 161 2273 ’
213 2272 359 2382 Jupiter
374 2272 626 2379 omnipotens,
640 2269 810 2377 precibus
828 2267 855 2346 fi
872 2267 1027 2350 fleueris
1039 2267 1138 2371 ullis,

151 2408 290 2521 Aspice
298 2437 378 2507 nos,
392 2408 468 2491 hoc
477 2427 644 2491 tantum:
664 2424 715 2504 et,
732 2406 759 2487 sr
769 2394 904 2515 pietate
916 2436 1121 2513 meremur,
1135 2416 1224 2519 690

48 2632 52 2637 ,
148 2549 213 2631 Da
230 2549 364 2631 deinde
381 2548 580 2647 auxilium,
591 2565 705 2659 peter,
724 2566 835 2657 atque
848 2547 940 2633 haec
958 2552 1088 2635 omina
1100 2554 1224 2642 sumu.

149 2690 230 2773 Vix
247 2720 291 2772 ea
304 2690 401 2775 fatus
411 2709 489 2781 erat
505 2691 648 2789 senior3
673 2691 867 2801 subitoque
884 2691 1032 2803 fragore

151 2832 320 2911 Intonuit
332 2830 495 2929 laevum,
508 2851 547 2911 et
555 2831 604 2913 de
612 2830 724 2925 eneip
741 2830 840 2942 lapsa
857 2859 922 2942 per
940 2836 1091 2918 umbras

153 2968 264 3050 Stella
279 2969 404 3052 facem
422 2971 561 3053 ducens
582 2970 703 3052 multa
720 2999 812 3063 cum
825 2970 910 3055 luce
928 2975 1106 3062 ctuurrit.

149 3107 273 3204 lllam,
293 3108 441 3191 summa
460 3109 566 3218 super
577 3108 768 3203 labentem
783 3108 953 3203 etuurina
968 3115 1073 3214 teffl,
1133 3120 1191 3231 69
1198 3140 1224 3232 5

151 3235 351 3331 Cernimus
374 3248 485 3329 Idaea
502 3248 641 3329 claram
658 3249 694 3327 se
713 3249 872 3343 condere
887 3248 998 3359 sylva,
1037 3328 1040 3333 .

150 3390 443 3499 signantemque
456 3388 555 3469 vias:
586 3406 671 3467 tum
692 3385 805 3497 lengo
825 3389 945 3474 limite
964 3390 1086 3477 sulm

150 3532 229 3611 Dat
246 3528 384 3627 lucem,
398 3547 436 3608 et
452 3527 523 3609 late
536 3528 684 3609 circum
694 3527 777 3623 loca
789 3529 925 3623 §sulfure
939 3529 1105 3619 furnum.

150 3665 230 3746 Hic
244 3694 331 3748 vero
345 3667 463 3748 vietus
479 3666 626 3773 genitor
639 3665 675 3745 se
689 3666 786 3746 tollit
806 3668 855 3763 ad
873 3696 991 3766 aurun,

151 3803 377 3914 Affaturque
397 3804 499 3907 deos,
517 3823 558 3887 et
573 3804 744 3887 sanetum
765 3801 863 3899 fidus
879 3805 1030 3899 adorat:
1135 3820 1224 3924 700¹

149 3945 337 4057 Jamjrm
363 3943 466 4037 nulia
488 3973 596 4043 mpra
624 3942 704 4025 est:
729 3940 875 4050 sequor,
903 3963 954 4046 et,
982 3944 1224 4056 qnu'ducitiu,

338 4082 482 4165 adsum.

150 4217 344 4332 Dipttrii,
362 4219 499 4313 servate
523 4221 700 4322 domm,
722 4222 860 4335 seruate
876 4245 1069 4341 nepotem.
1164 4288 1168 4293 -
1198 4284 1203 4292 -

643 4363 686 4446 Ν
721 4391 746 4449 2
1052 4362 1233 4447 Vestrum
