<?xml version="1.0" encoding="UTF-8"?>
<!DOCTYPE html PUBLIC "-//W3C//DTD XHTML 1.0 Transitional//EN"
    "http://www.w3.org/TR/xhtml1/DTD/xhtml1-transitional.dtd">
<html xmlns="http://www.w3.org/1999/xhtml" xml:lang="en" lang="en">
 <head>
  <title>
</title>
<meta http-equiv="Content-Type" content="text/html;charset=utf-8" />
  <meta name='ocr-system' content='tesseract 3.04.00' />
  <meta name='ocr-capabilities' content='ocr_page ocr_carea ocr_par ocr_line ocrx_word'/>
</head>
<body>
  <div class='ocr_page' id='page_1' title='image "./publiivirgiliim01schegoog/publiivirgiliim01schegoog_0020.png"; bbox 0 0 2940 5190; ppageno 0'>
   <div class='ocr_carea' id='block_1_1' title="bbox 388 334 1090 476">
    <p class='ocr_par' dir='ltr' id='par_1_1' title="bbox 388 334 1090 476">
     <span class='ocr_line' id='line_1_1' title="bbox 388 334 1090 476; baseline -0.003 -31"><span class='ocrx_word' id='word_1_1' title='bbox 388 415 427 475; x_wconf 59' lang='lat'>,4</span> <span class='ocrx_word' id='word_1_2' title='bbox 472 353 526 476; x_wconf 85' lang='lat' dir='ltr'>H</span> <span class='ocrx_word' id='word_1_3' title='bbox 561 382 587 472; x_wconf 89' lang='grc' dir='ltr'>ι</span> <span class='ocrx_word' id='word_1_4' title='bbox 614 335 888 472; x_wconf 55' lang='lat' dir='ltr'>s‘non‘tr</span> <span class='ocrx_word' id='word_1_5' title='bbox 922 334 990 471; x_wconf 58' lang='grc' dir='ltr'>,Α’,ι</span> <span class='ocrx_word' id='word_1_6' title='bbox 1067 354 1090 443; x_wconf 60' lang='lat'>:⁴</span> 
     </span>
    </p>
   </div>
   <div class='ocr_carea' id='block_1_2' title="bbox 184 533 1374 4329">
    <p class='ocr_par' dir='ltr' id='par_1_2' title="bbox 187 533 1264 811">
     <span class='ocr_line' id='line_1_2' title="bbox 194 533 1264 669; baseline -0.006 -29"><span class='ocrx_word' id='word_1_7' title='bbox 194 574 312 653; x_wconf 75' lang='lat' dir='ltr'>pente</span> <span class='ocrx_word' id='word_1_8' title='bbox 318 533 432 669; x_wconf 85' lang='lat' dir='ltr'>digna¹</span> <span class='ocrx_word' id='word_1_9' title='bbox 449 555 597 668; x_wconf 78' lang='lat' dir='ltr'>possunt</span> <span class='ocrx_word' id='word_1_10' title='bbox 612 553 740 637; x_wconf 91' lang='lat' dir='ltr'>videri</span> <span class='ocrx_word' id='word_1_11' title='bbox 804 552 867 632; x_wconf 91' lang='lat' dir='ltr'>De</span> <span class='ocrx_word' id='word_1_12' title='bbox 883 546 967 633; x_wconf 82' lang='lat' dir='ltr'>ciri</span> <span class='ocrx_word' id='word_1_13' title='bbox 983 563 1023 634; x_wconf 85' lang='lat' dir='ltr'>et</span> <span class='ocrx_word' id='word_1_14' title='bbox 1037 546 1162 634; x_wconf 76' lang='lat' dir='ltr'>Ousire</span> <span class='ocrx_word' id='word_1_15' title='bbox 1178 550 1264 634; x_wconf 59' lang='lat' dir='ltr'>mai</span> 
     </span>
     <span class='ocr_line' id='line_1_3' title="bbox 187 699 1048 811; baseline -0.006 -28"><span class='ocrx_word' id='word_1_16' title='bbox 187 702 248 811; x_wconf 84' lang='lat' dir='ltr'>jor</span> <span class='ocrx_word' id='word_1_17' title='bbox 267 699 321 781; x_wconf 90' lang='lat' dir='ltr'>est</span> <span class='ocrx_word' id='word_1_18' title='bbox 338 699 593 807; x_wconf 83' lang='lat' dir='ltr'>controversia.</span> <span class='ocrx_word' id='word_1_19' title='bbox 661 744 670 783; x_wconf 61' lang='grc' dir='ltr'>ι</span> <span class='ocrx_word' id='word_1_20' title='bbox 783 751 790 787; x_wconf 65' lang='lat'>1.</span> <span class='ocrx_word' id='word_1_21' title='bbox 1044 721 1048 733; x_wconf 89' lang='lat'>·</span> 
     </span>
    </p>

    <p class='ocr_par' dir='ltr' id='par_1_3' title="bbox 184 786 1374 4329">
     <span class='ocr_line' id='line_1_4' title="bbox 200 786 1268 967; baseline -0.002 -44.901"><span class='ocrx_word' id='word_1_22' title='bbox 200 845 335 947; x_wconf 90' lang='lat' dir='ltr'>Ac</span> <span class='ocrx_word' id='word_1_23' title='bbox 336 823 488 951; x_wconf 61' lang='lat' dir='ltr'>Virgilii</span> <span class='ocrx_word' id='word_1_24' title='bbox 507 840 665 967; x_wconf 89' lang='lat' dir='ltr'>quidem</span> <span class='ocrx_word' id='word_1_25' title='bbox 690 833 854 917; x_wconf 80' lang='lat' dir='ltr'>essehoc</span> <span class='ocrx_word' id='word_1_26' title='bbox 883 853 1087 946; x_wconf 89' lang='lat' dir='ltr'>utrumque</span> <span class='ocrx_word' id='word_1_27' title='bbox 1103 786 1268 950; x_wconf 87' lang='lat' dir='ltr'>opuscu</span> 
     </span>
     <span class='ocr_line' id='line_1_5' title="bbox 192 934 1260 1092; baseline -0.005 -29"><span class='ocrx_word' id='word_1_28' title='bbox 192 934 279 1091; x_wconf 87' lang='lat' dir='ltr'>lum</span> <span class='ocrx_word' id='word_1_29' title='bbox 292 961 479 1092; x_wconf 79' lang='lat' dir='ltr'>suasenrnt</span> <span class='ocrx_word' id='word_1_30' title='bbox 500 968 630 1060; x_wconf 69' lang='lat' dir='ltr'>multis</span> <span class='ocrx_word' id='word_1_31' title='bbox 653 975 778 1057; x_wconf 88' lang='lat' dir='ltr'>versus</span> <span class='ocrx_word' id='word_1_32' title='bbox 801 974 948 1084; x_wconf 88' lang='lat' dir='ltr'>utrique</span> <span class='ocrx_word' id='word_1_33' title='bbox 967 962 1186 1087; x_wconf 83' lang='lat' dir='ltr'>complures</span> <span class='ocrx_word' id='word_1_34' title='bbox 1203 976 1260 1058; x_wconf 84' lang='lat' dir='ltr'>as-</span> 
     </span>
     <span class='ocr_line' id='line_1_6' title="bbox 195 1117 1267 1236; baseline -0.001 -32"><span class='ocrx_word' id='word_1_35' title='bbox 195 1124 303 1236; x_wconf 89' lang='lat' dir='ltr'>perfi,</span> <span class='ocrx_word' id='word_1_36' title='bbox 334 1122 458 1231; x_wconf 91' lang='lat' dir='ltr'>quiin</span> <span class='ocrx_word' id='word_1_37' title='bbox 478 1119 672 1230; x_wconf 83' lang='lat' dir='ltr'>Georgicis</span> <span class='ocrx_word' id='word_1_38' title='bbox 688 1136 726 1199; x_wconf 87' lang='lat' dir='ltr'>et</span> <span class='ocrx_word' id='word_1_39' title='bbox 720 1117 924 1223; x_wconf 86' lang='lat' dir='ltr'>Aeneide,</span> <span class='ocrx_word' id='word_1_40' title='bbox 954 1136 1019 1200; x_wconf 88' lang='lat' dir='ltr'>aut</span> <span class='ocrx_word' id='word_1_41' title='bbox 1037 1120 1154 1202; x_wconf 87' lang='lat' dir='ltr'>iidem</span> <span class='ocrx_word' id='word_1_42' title='bbox 1177 1121 1267 1228; x_wconf 74' lang='lat' dir='ltr'>om·]</span> 
     </span>
     <span class='ocr_line' id='line_1_7' title="bbox 193 1249 1266 1372; baseline -0.002 -29"><span class='ocrx_word' id='word_1_43' title='bbox 193 1263 297 1363; x_wconf 83' lang='lat' dir='ltr'>nino,</span> <span class='ocrx_word' id='word_1_44' title='bbox 328 1280 392 1347; x_wconf 84' lang='lat' dir='ltr'>aut</span> <span class='ocrx_word' id='word_1_45' title='bbox 403 1249 530 1372; x_wconf 83' lang='lat' dir='ltr'>paullo</span> <span class='ocrx_word' id='word_1_46' title='bbox 545 1259 749 1342; x_wconf 85' lang='lat' dir='ltr'>accuratius</span> <span class='ocrx_word' id='word_1_47' title='bbox 760 1258 880 1339; x_wconf 87' lang='lat' dir='ltr'>limati</span> <span class='ocrx_word' id='word_1_48' title='bbox 894 1257 1138 1369; x_wconf 86' lang='lat' dir='ltr'>reperiuntur.</span> <span class='ocrx_word' id='word_1_49' title='bbox 1167 1263 1266 1359; x_wconf 82' lang='lat' dir='ltr'>Non</span> 
     </span>
     <span class='ocr_line' id='line_1_8' title="bbox 194 1387 1264 1522; baseline -0.001 -38"><span class='ocrx_word' id='word_1_50' title='bbox 194 1402 266 1522; x_wconf 72' lang='lat' dir='ltr'>psle</span> <span class='ocrx_word' id='word_1_51' title='bbox 280 1420 422 1499; x_wconf 88' lang='lat' dir='ltr'>autem,</span> <span class='ocrx_word' id='word_1_52' title='bbox 454 1401 552 1483; x_wconf 91' lang='lat' dir='ltr'>mihi</span> <span class='ocrx_word' id='word_1_53' title='bbox 571 1387 760 1513; x_wconf 80' lang='lat' dir='ltr'>persuadet</span> <span class='ocrx_word' id='word_1_54' title='bbox 778 1397 893 1509; x_wconf 88' lang='lat' dir='ltr'>stylus</span> <span class='ocrx_word' id='word_1_55' title='bbox 911 1400 1053 1482; x_wconf 88' lang='lat' dir='ltr'>enervis</span> <span class='ocrx_word' id='word_1_56' title='bbox 1070 1429 1115 1482; x_wconf 86' lang='lat' dir='ltr'>ac</span> <span class='ocrx_word' id='word_1_57' title='bbox 1134 1427 1264 1513; x_wconf 85' lang='lat' dir='ltr'>vagus,-</span> 
     </span>
     <span class='ocr_line' id='line_1_9' title="bbox 196 1541 1266 1654; baseline -0.002 -27"><span class='ocrx_word' id='word_1_58' title='bbox 196 1545 349 1627; x_wconf 89' lang='lat' dir='ltr'>obscura</span> <span class='ocrx_word' id='word_1_59' title='bbox 368 1545 555 1647; x_wconf 90' lang='lat' dir='ltr'>sententia,</span> <span class='ocrx_word' id='word_1_60' title='bbox 590 1544 738 1625; x_wconf 91' lang='lat' dir='ltr'>numeri</span> <span class='ocrx_word' id='word_1_61' title='bbox 755 1541 941 1647; x_wconf 77' lang='lat' dir='ltr'>dissoluti:</span> <span class='ocrx_word' id='word_1_62' title='bbox 972 1543 1117 1654; x_wconf 91' lang='lat' dir='ltr'>prorsus</span> <span class='ocrx_word' id='word_1_63' title='bbox 1135 1543 1266 1653; x_wconf 85' lang='lat' dir='ltr'>utqui</span> 
     </span>
     <span class='ocr_line' id='line_1_10' title="bbox 194 1681 1266 1793; baseline -0.004 -23"><span class='ocrx_word' id='word_1_64' title='bbox 194 1702 275 1771; x_wconf 86' lang='lat' dir='ltr'>tam</span> <span class='ocrx_word' id='word_1_65' title='bbox 293 1684 437 1764; x_wconf 89' lang='lat' dir='ltr'>sordide</span> <span class='ocrx_word' id='word_1_66' title='bbox 450 1682 604 1764; x_wconf 92' lang='lat' dir='ltr'>humilis</span> <span class='ocrx_word' id='word_1_67' title='bbox 617 1683 706 1791; x_wconf 83' lang='lat' dir='ltr'>suit,</span> <span class='ocrx_word' id='word_1_68' title='bbox 730 1710 808 1763; x_wconf 94' lang='lat' dir='ltr'>non</span> <span class='ocrx_word' id='word_1_69' title='bbox 828 1681 996 1762; x_wconf 88' lang='lat' dir='ltr'>videatur</span> <span class='ocrx_word' id='word_1_70' title='bbox 1018 1683 1173 1793; x_wconf 74' lang='lat' dir='ltr'>potuisse</span> <span class='ocrx_word' id='word_1_71' title='bbox 1188 1712 1266 1788; x_wconf 58' lang='lat' dir='ltr'>un«,</span> 
     </span>
     <span class='ocr_line' id='line_1_11' title="bbox 195 1802 1265 1937; baseline 0.001 -32"><span class='ocrx_word' id='word_1_72' title='bbox 195 1852 310 1937; x_wconf 87' lang='lat' dir='ltr'>quam</span> <span class='ocrx_word' id='word_1_73' title='bbox 324 1826 371 1903; x_wconf 94' lang='lat' dir='ltr'>ad</span> <span class='ocrx_word' id='word_1_74' title='bbox 385 1823 616 1933; x_wconf 83' lang='lat' dir='ltr'>perspicuam</span> <span class='ocrx_word' id='word_1_75' title='bbox 631 1822 736 1903; x_wconf 90' lang='lat' dir='ltr'>illam</span> <span class='ocrx_word' id='word_1_76' title='bbox 750 1822 1016 1903; x_wconf 86' lang='lat' dir='ltr'>Bucolicorum</span> <span class='ocrx_word' id='word_1_77' title='bbox 1027 1802 1265 1926; x_wconf 83' lang='lat' dir='ltr'>tenuitatem,-</span> 
     </span>
     <span class='ocr_line' id='line_1_12' title="bbox 195 1965 1265 2079; baseline 0.002 -29"><span class='ocrx_word' id='word_1_78' title='bbox 195 1968 319 2051; x_wconf 90' lang='lat' dir='ltr'>multo</span> <span class='ocrx_word' id='word_1_79' title='bbox 337 1968 533 2073; x_wconf 85' lang='lat' dir='ltr'>minusad</span> <span class='ocrx_word' id='word_1_80' title='bbox 560 1965 792 2076; x_wconf 86' lang='lat' dir='ltr'>splendidam</span> <span class='ocrx_word' id='word_1_81' title='bbox 819 1965 1008 2048; x_wconf 87' lang='lat' dir='ltr'>Aeneidos</span> <span class='ocrx_word' id='word_1_82' title='bbox 1035 1969 1265 2079; x_wconf 82' lang='lat' dir='ltr'>majestatem</span> 
     </span>
     <span class='ocr_line' id='line_1_13' title="bbox 194 2107 1265 2218; baseline 0.001 -29"><span class='ocrx_word' id='word_1_83' title='bbox 194 2108 387 2218; x_wconf 82' lang='lat' dir='ltr'>assurgere.</span> <span class='ocrx_word' id='word_1_84' title='bbox 451 2111 551 2189; x_wconf 89' lang='lat' dir='ltr'>Bene</span> <span class='ocrx_word' id='word_1_85' title='bbox 579 2107 923 2216; x_wconf 81' lang='lat' dir='ltr'>quidemSealiger</span> <span class='ocrx_word' id='word_1_86' title='bbox 941 2108 1078 2192; x_wconf 88' lang='lat' dir='ltr'>falsum</span> <span class='ocrx_word' id='word_1_87' title='bbox 1103 2111 1265 2201; x_wconf 61' lang='lat' dir='ltr'>demon2</span> 
     </span>
     <span class='ocr_line' id='line_1_14' title="bbox 192 2245 1265 2356; baseline -0.004 -30"><span class='ocrx_word' id='word_1_88' title='bbox 192 2246 298 2345; x_wconf 78' lang='lat' dir='ltr'>slrat,</span> <span class='ocrx_word' id='word_1_89' title='bbox 328 2248 367 2325; x_wconf 92' lang='lat' dir='ltr'>id</span> <span class='ocrx_word' id='word_1_90' title='bbox 387 2248 492 2354; x_wconf 92' lang='lat' dir='ltr'>quod</span> <span class='ocrx_word' id='word_1_91' title='bbox 511 2248 550 2326; x_wconf 90' lang='lat' dir='ltr'>in</span> <span class='ocrx_word' id='word_1_92' title='bbox 570 2248 645 2324; x_wconf 92' lang='lat' dir='ltr'>vita</span> <span class='ocrx_word' id='word_1_93' title='bbox 662 2245 810 2351; x_wconf 85' lang='lat' dir='ltr'>Virgilii</span> <span class='ocrx_word' id='word_1_94' title='bbox 822 2246 968 2352; x_wconf 89' lang='lat' dir='ltr'>legitur,</span> <span class='ocrx_word' id='word_1_95' title='bbox 996 2248 1166 2356; x_wconf 83' lang='lat' dir='ltr'>scripsrffe</span> <span class='ocrx_word' id='word_1_96' title='bbox 1184 2251 1265 2330; x_wconf 66' lang='lat' dir='ltr'>Cu-</span> 
     </span>
     <span class='ocr_line' id='line_1_15' title="bbox 193 2386 1264 2498; baseline 0.004 -27"><span class='ocrx_word' id='word_1_97' title='bbox 193 2391 322 2495; x_wconf 83' lang='lat' dir='ltr'>licem,</span> <span class='ocrx_word' id='word_1_98' title='bbox 355 2390 588 2498; x_wconf 86' lang='lat' dir='ltr'>quicumque</span> <span class='ocrx_word' id='word_1_99' title='bbox 619 2387 772 2468; x_wconf 85' lang='lat' dir='ltr'>tandem</span> <span class='ocrx_word' id='word_1_100' title='bbox 796 2387 919 2468; x_wconf 88' lang='lat' dir='ltr'>Culex</span> <span class='ocrx_word' id='word_1_101' title='bbox 952 2386 1015 2468; x_wconf 90' lang='lat' dir='ltr'>ille</span> <span class='ocrx_word' id='word_1_102' title='bbox 1042 2390 1099 2488; x_wconf 89' lang='lat' dir='ltr'>lit,</span> <span class='ocrx_word' id='word_1_103' title='bbox 1148 2421 1264 2479; x_wconf 77' lang='lat' dir='ltr'>annos</span> 
     </span>
     <span class='ocr_line' id='line_1_16' title="bbox 196 2529 1265 2643; baseline 0.006 -31"><span class='ocrx_word' id='word_1_104' title='bbox 196 2532 416 2643; x_wconf 88' lang='lat' dir='ltr'>quindecim</span> <span class='ocrx_word' id='word_1_105' title='bbox 429 2551 572 2615; x_wconf 89' lang='lat' dir='ltr'>natum.</span> <span class='ocrx_word' id='word_1_106' title='bbox 590 2596 592 2600; x_wconf 84' lang='lat'><em>.</em></span> <span class='ocrx_word' id='word_1_107' title='bbox 635 2530 786 2640; x_wconf 90' lang='lat' dir='ltr'>Quippe</span> <span class='ocrx_word' id='word_1_108' title='bbox 803 2529 935 2611; x_wconf 83' lang='lat' dir='ltr'>Statius</span> <span class='ocrx_word' id='word_1_109' title='bbox 958 2530 998 2611; x_wconf 91' lang='lat' dir='ltr'>in</span> <span class='ocrx_word' id='word_1_110' title='bbox 1016 2532 1265 2618; x_wconf 89' lang='lat' dir='ltr'>Genethliaco</span> 
     </span>
     <span class='ocr_line' id='line_1_17' title="bbox 195 2670 1266 2787; baseline 0.006 -33"><span class='ocrx_word' id='word_1_111' title='bbox 195 2675 354 2773; x_wconf 91' lang='lat' dir='ltr'>Lucani,</span> <span class='ocrx_word' id='word_1_112' title='bbox 374 2672 487 2784; x_wconf 81' lang='lat' dir='ltr'>Sylv.</span> <span class='ocrx_word' id='word_1_113' title='bbox 519 2672 544 2752; x_wconf 91' lang='lat' dir='ltr'>l.</span> <span class='ocrx_word' id='word_1_114' title='bbox 564 2699 602 2754; x_wconf 89' lang='lat'>2.</span> <span class='ocrx_word' id='word_1_115' title='bbox 618 2698 654 2753; x_wconf 84' lang='lat' dir='ltr'>v.</span> <span class='ocrx_word' id='word_1_116' title='bbox 671 2700 742 2782; x_wconf 87' lang='lat'>74.</span> <span class='ocrx_word' id='word_1_117' title='bbox 774 2670 923 2751; x_wconf 81' lang='lat' dir='ltr'>testatur</span> <span class='ocrx_word' id='word_1_118' title='bbox 935 2673 1137 2763; x_wconf 90' lang='lat' dir='ltr'>Lucanum</span> <span class='ocrx_word' id='word_1_119' title='bbox 1150 2677 1266 2787; x_wconf 58' lang='lat' dir='ltr'>scrip,</span> 
     </span>
     <span class='ocr_line' id='line_1_18' title="bbox 196 2807 1307 2921; baseline 0.005 -25"><span class='ocrx_word' id='word_1_120' title='bbox 196 2814 274 2921; x_wconf 76' lang='lat' dir='ltr'>srffe</span> <span class='ocrx_word' id='word_1_121' title='bbox 292 2814 530 2909; x_wconf 85' lang='lat' dir='ltr'>Pharsaliam,</span> <span class='ocrx_word' id='word_1_122' title='bbox 561 2829 648 2893; x_wconf 83' lang='lat' dir='ltr'>ante</span> <span class='ocrx_word' id='word_1_123' title='bbox 661 2838 770 2895; x_wconf 80' lang='lat' dir='ltr'>annos</span> <span class='ocrx_word' id='word_1_124' title='bbox 789 2810 924 2893; x_wconf 85' lang='lat' dir='ltr'>Culicis</span> <span class='ocrx_word' id='word_1_125' title='bbox 943 2814 1179 2900; x_wconf 85' lang='lat' dir='ltr'>Maroniani.</span> <span class='ocrx_word' id='word_1_126' title='bbox 1210 2821 1266 2902; x_wconf 88' lang='lat' dir='ltr'>At</span> <span class='ocrx_word' id='word_1_127' title='bbox 1305 2807 1307 2813; x_wconf 38' lang='lat'><strong>¹</strong></span> 
     </span>
     <span class='ocr_line' id='line_1_19' title="bbox 184 2924 1286 3063; baseline -0.007 -29"><span class='ocrx_word' id='word_1_128' title='bbox 184 2924 381 3034; x_wconf 65' lang='lat' dir='ltr'>Lucanus</span> <span class='ocrx_word' id='word_1_129' title='bbox 392 2952 474 3063; x_wconf 91' lang='lat' dir='ltr'>post</span> <span class='ocrx_word' id='word_1_130' title='bbox 490 2950 609 3032; x_wconf 91' lang='lat' dir='ltr'>multa</span> <span class='ocrx_word' id='word_1_131' title='bbox 631 2978 744 3059; x_wconf 88' lang='lat' dir='ltr'>opera</span> <span class='ocrx_word' id='word_1_132' title='bbox 762 2949 940 3030; x_wconf 89' lang='lat' dir='ltr'>ultimam</span> <span class='ocrx_word' id='word_1_133' title='bbox 954 2950 1123 3032; x_wconf 89' lang='lat' dir='ltr'>condidit</span> <span class='ocrx_word' id='word_1_134' title='bbox 1145 2953 1266 3034; x_wconf 57' lang='lat' dir='ltr'>Phara</span> <span class='ocrx_word' id='word_1_135' title='bbox 1284 3023 1286 3026; x_wconf 7' lang='grc' dir='ltr'><em>Α</em></span> 
     </span>
     <span class='ocr_line' id='line_1_20' title="bbox 196 3092 1350 3203; baseline -0.001 -25"><span class='ocrx_word' id='word_1_136' title='bbox 196 3097 336 3192; x_wconf 89' lang='lat' dir='ltr'>saliam,</span> <span class='ocrx_word' id='word_1_137' title='bbox 368 3123 527 3203; x_wconf 90' lang='lat' dir='ltr'>eamque</span> <span class='ocrx_word' id='word_1_138' title='bbox 552 3119 688 3200; x_wconf 88' lang='lat' dir='ltr'>magna</span> <span class='ocrx_word' id='word_1_139' title='bbox 718 3121 766 3173; x_wconf 84' lang='lat' dir='ltr'>ex</span> <span class='ocrx_word' id='word_1_140' title='bbox 792 3111 893 3201; x_wconf 88' lang='lat' dir='ltr'>parte</span> <span class='ocrx_word' id='word_1_141' title='bbox 911 3092 1190 3179; x_wconf 88' lang='lat' dir='ltr'>inemendatam</span> <span class='ocrx_word' id='word_1_142' title='bbox 1207 3125 1267 3178; x_wconf 91' lang='lat' dir='ltr'>re·</span> <span class='ocrx_word' id='word_1_143' title='bbox 1347 3187 1350 3192; x_wconf 88' lang='lat'>.</span> 
     </span>
     <span class='ocr_line' id='line_1_21' title="bbox 198 3232 1268 3347; baseline 0 -30"><span class='ocrx_word' id='word_1_144' title='bbox 198 3239 321 3346; x_wconf 86' lang='lat' dir='ltr'>liquit,</span> <span class='ocrx_word' id='word_1_145' title='bbox 353 3263 454 3315; x_wconf 87' lang='lat' dir='ltr'>anno</span> <span class='ocrx_word' id='word_1_146' title='bbox 471 3263 547 3344; x_wconf 94' lang='lat' dir='ltr'>quo</span> <span class='ocrx_word' id='word_1_147' title='bbox 567 3251 736 3313; x_wconf 91' lang='lat' dir='ltr'>mortuus</span> <span class='ocrx_word' id='word_1_148' title='bbox 753 3232 806 3313; x_wconf 94' lang='lat' dir='ltr'>est</span> <span class='ocrx_word' id='word_1_149' title='bbox 823 3232 947 3313; x_wconf 89' lang='lat' dir='ltr'>aetatis</span> <span class='ocrx_word' id='word_1_150' title='bbox 964 3235 1145 3341; x_wconf 76' lang='lat' dir='ltr'>vigesimo</span> <span class='ocrx_word' id='word_1_151' title='bbox 1156 3235 1268 3347; x_wconf 59' lang='lat' dir='ltr'>septis</span> 
     </span>
     <span class='ocr_line' id='line_1_22' title="bbox 199 3356 1268 3483; baseline -0.001 -24"><span class='ocrx_word' id='word_1_152' title='bbox 199 3406 280 3460; x_wconf 84' lang='lat' dir='ltr'>mo.</span> <span class='ocrx_word' id='word_1_153' title='bbox 345 3356 461 3456; x_wconf 88' lang='lat' dir='ltr'>Addo</span> <span class='ocrx_word' id='word_1_154' title='bbox 475 3402 558 3482; x_wconf 91' lang='lat' dir='ltr'>ego,</span> <span class='ocrx_word' id='word_1_155' title='bbox 592 3373 764 3453; x_wconf 90' lang='lat' dir='ltr'>Culicem</span> <span class='ocrx_word' id='word_1_156' title='bbox 783 3370 899 3469; x_wconf 90' lang='lat' dir='ltr'>hunc,</span> <span class='ocrx_word' id='word_1_157' title='bbox 931 3403 1047 3483; x_wconf 91' lang='lat' dir='ltr'>quem</span> <span class='ocrx_word' id='word_1_158' title='bbox 1072 3374 1268 3478; x_wconf 78' lang='lat' dir='ltr'>habemus,</span> 
     </span>
     <span class='ocr_line' id='line_1_23' title="bbox 201 3512 1271 3614; baseline 0.002 -16"><span class='ocrx_word' id='word_1_159' title='bbox 201 3514 360 3598; x_wconf 76' lang='lat' dir='ltr'>octavio</span> <span class='ocrx_word' id='word_1_160' title='bbox 379 3515 545 3594; x_wconf 89' lang='lat' dir='ltr'>dicatum</span> <span class='ocrx_word' id='word_1_161' title='bbox 559 3512 642 3594; x_wconf 83' lang='lat' dir='ltr'>esse.</span> <span class='ocrx_word' id='word_1_162' title='bbox 705 3514 760 3591; x_wconf 93' lang='lat' dir='ltr'>At</span> <span class='ocrx_word' id='word_1_163' title='bbox 778 3514 1065 3614; x_wconf 70' lang='lat' dir='ltr'>Ostaviustum,</span> <span class='ocrx_word' id='word_1_164' title='bbox 1095 3547 1185 3598; x_wconf 87' lang='lat' dir='ltr'>cum</span> <span class='ocrx_word' id='word_1_165' title='bbox 1198 3547 1271 3600; x_wconf 69' lang='lat' dir='ltr'>nu·-</span> 
     </span>
     <span class='ocr_line' id='line_1_24' title="bbox 192 3653 1271 3768; baseline 0.002 -30"><span class='ocrx_word' id='word_1_166' title='bbox 192 3656 367 3761; x_wconf 76' lang='lat' dir='ltr'>merabat</span> <span class='ocrx_word' id='word_1_167' title='bbox 384 3655 563 3762; x_wconf 87' lang='lat' dir='ltr'>Virgilius</span> <span class='ocrx_word' id='word_1_168' title='bbox 581 3680 724 3733; x_wconf 90' lang='lat' dir='ltr'>annum</span> <span class='ocrx_word' id='word_1_169' title='bbox 747 3653 942 3733; x_wconf 90' lang='lat' dir='ltr'>decimum</span> <span class='ocrx_word' id='word_1_170' title='bbox 958 3655 1147 3762; x_wconf 89' lang='lat' dir='ltr'>quintum,</span> <span class='ocrx_word' id='word_1_171' title='bbox 1195 3658 1271 3768; x_wconf 88' lang='lat' dir='ltr'>ipse</span> 
     </span>
     <span class='ocr_line' id='line_1_25' title="bbox 195 3795 1272 3912; baseline 0.002 -33"><span class='ocrx_word' id='word_1_172' title='bbox 195 3814 348 3895; x_wconf 54' lang='lat' dir='ltr'>,nutum</span> <span class='ocrx_word' id='word_1_173' title='bbox 378 3798 555 3878; x_wconf 73' lang='lat' dir='ltr'>odavum</span> <span class='ocrx_word' id='word_1_174' title='bbox 585 3795 774 3903; x_wconf 81' lang='lat' dir='ltr'>attigerat:</span> <span class='ocrx_word' id='word_1_175' title='bbox 824 3822 899 3904; x_wconf 88' lang='lat' dir='ltr'>qua</span> <span class='ocrx_word' id='word_1_176' title='bbox 926 3813 1054 3893; x_wconf 85' lang='lat' dir='ltr'>aetate,</span> <span class='ocrx_word' id='word_1_177' title='bbox 1099 3827 1169 3880; x_wconf 91' lang='lat' dir='ltr'>nec</span> <span class='ocrx_word' id='word_1_178' title='bbox 1205 3802 1272 3912; x_wconf 80' lang='lat' dir='ltr'>ipfi</span> 
     </span>
     <span class='ocr_line' id='line_1_26' title="bbox 194 3934 1273 4047; baseline 0.002 -29"><span class='ocrx_word' id='word_1_179' title='bbox 194 3944 379 4047; x_wconf 53' lang='lat' dir='ltr'>‚poemata</span> <span class='ocrx_word' id='word_1_180' title='bbox 396 3936 523 4033; x_wconf 77' lang='lat' dir='ltr'>dicari,</span> <span class='ocrx_word' id='word_1_181' title='bbox 556 3962 625 4018; x_wconf 88' lang='lat' dir='ltr'>nec</span> <span class='ocrx_word' id='word_1_182' title='bbox 643 3935 779 4023; x_wconf 87' lang='lat' dir='ltr'>ea&#39;dici</span> <span class='ocrx_word' id='word_1_183' title='bbox 791 3934 839 4024; x_wconf 88' lang='lat' dir='ltr'>de</span> <span class='ocrx_word' id='word_1_184' title='bbox 861 3935 939 4044; x_wconf 94' lang='lat' dir='ltr'>ipso</span> <span class='ocrx_word' id='word_1_185' title='bbox 950 3954 1178 4047; x_wconf 74' lang='lat' dir='ltr'>potuerunt,</span> <span class='ocrx_word' id='word_1_186' title='bbox 1227 3951 1273 4025; x_wconf 71' lang='lat' dir='ltr'>ae</span> 
     </span>
     <span class='ocr_line' id='line_1_27' title="bbox 197 4050 1279 4188; baseline 0.006 -32"><span class='ocrx_word' id='word_1_187' title='bbox 197 4092 259 4182; x_wconf 65' lang='lat' dir='ltr'>tu,</span> <span class='ocrx_word' id='word_1_188' title='bbox 287 4073 353 4156; x_wconf 77' lang='lat' dir='ltr'>‘cui</span> <span class='ocrx_word' id='word_1_189' title='bbox 363 4050 803 4184; x_wconf 7' lang='lat' dir='ltr'>‘meritis-oriturfl&#39;ducia</span> <span class='ocrx_word' id='word_1_190' title='bbox 818 4072 938 4155; x_wconf 85' lang='lat' dir='ltr'>tantis</span> <span class='ocrx_word' id='word_1_191' title='bbox 949 4117 962 4175; x_wconf 83' lang='lat'>3</span> <span class='ocrx_word' id='word_1_192' title='bbox 994 4096 1111 4159; x_wconf 87' lang='lat' dir='ltr'>autur</span> <span class='ocrx_word' id='word_1_193' title='bbox 1131 4077 1279 4188; x_wconf 74' lang='lat' dir='ltr'>habent¹</span> 
     </span>
     <span class='ocr_line' id='line_1_28' title="bbox 197 4188 1374 4329; baseline -0.007 -29"><span class='ocrx_word' id='word_1_194' title='bbox 197 4213 351 4320; x_wconf 46' lang='lat' dir='ltr'>,codices</span> <span class='ocrx_word' id='word_1_195' title='bbox 382 4214 475 4319; x_wconf 72' lang='lat' dir='ltr'>alii,¹</span> <span class='ocrx_word' id='word_1_196' title='bbox 489 4188 533 4301; x_wconf 79' lang='lat' dir='ltr'>as</span> <span class='ocrx_word' id='word_1_197' title='bbox 563 4231 621 4320; x_wconf 76' lang='lat' dir='ltr'>tu,</span> <span class='ocrx_word' id='word_1_198' title='bbox 661 4211 900 4308; x_wconf 62' lang='grc' dir='ltr'>ιιιίῖιιρνιίιί</span> <span class='ocrx_word' id='word_1_199' title='bbox 918 4214 1042 4329; x_wconf 68' lang='lat' dir='ltr'>oritur</span> <span class='ocrx_word' id='word_1_200' title='bbox 1056 4213 1191 4309; x_wconf 72' lang='lat' dir='ltr'>fiducia</span> <span class='ocrx_word' id='word_1_201' title='bbox 1208 4232 1274 4294; x_wconf 48' lang='lat' dir='ltr'>co*-</span> <span class='ocrx_word' id='word_1_202' title='bbox 1371 4212 1374 4217; x_wconf 73' lang='grc'><strong><em>’</em></strong></span> 
     </span>
    </p>
   </div>
   <div class='ocr_carea' id='block_1_3' title="bbox 762 4350 1281 4465">
    <p class='ocr_par' dir='ltr' id='par_1_4' title="bbox 762 4350 1281 4465">
     <span class='ocr_line' id='line_1_29' title="bbox 762 4350 1281 4465; baseline -0.004 -31"><span class='ocrx_word' id='word_1_203' title='bbox 762 4380 784 4434; x_wconf 79' lang='grc' dir='ltr'>ι</span> <span class='ocrx_word' id='word_1_204' title='bbox 818 4380 839 4465; x_wconf 87' lang='lat'>3</span> <span class='ocrx_word' id='word_1_205' title='bbox 1165 4350 1281 4460; x_wconf 79' lang='lat' dir='ltr'>stris,</span> 
     </span>
    </p>
   </div>
   <div class='ocr_carea' id='block_1_4' title="bbox 0 0 1485 5190">
    <p class='ocr_par' dir='ltr' id='par_1_5' title="bbox 0 0 1485 5190">
     <span class='ocr_line' id='line_1_30' title="bbox 0 0 1485 5190; baseline 0 0"><span class='ocrx_word' id='word_1_206' title='bbox 0 0 1485 5190; x_wconf 95' lang='lat' dir='ltr'> </span> 
     </span>
    </p>
   </div>
  </div>
 </body>
</html>
