2940 5190
212 421 273 487 12
399 385 450 479 P.
484 384 750 483 Vrncrrrr
784 389 1068 493 Mnnourr

204 590 316 671 Idem
332 611 439 666 amor
453 589 614 671 exitium
631 591 755 702 pecori
771 593 836 690 est,
855 598 1068 707 pecorisque
1085 602 1282 707 magistro.

202 730 329 810 Meu.
358 726 431 807 His
449 747 547 809 certe
567 758 689 840 neque
706 758 812 812 amor
825 733 932 813 causa
948 734 1026 817 est:
1058 740 1122 817 vix
1134 739 1280 823 offibus

249 864 256 879 ’
382 863 547 952 haerent.
973 874 978 893 “

201 1005 342 1092 Nescio
352 1007 436 1113 quir
454 1025 598 1093 teneros
613 1011 745 1093 oculus
756 1009 855 1093 mihi
871 1012 1023 1095 fascinat
1039 1043 1168 1126 agnos.

91 1232 96 1241 ,
202 1146 378 1230 ΒΑ.Ι)ἱε
391 1147 527 1256 quibus
540 1152 833 1250 interris‚eteris
841 1149 938 1233 mihi
947 1181 1108 1262 magnus
1116 1157 1275 1267 Apollo,

199 1291 301 1383 Tres
316 1304 439 1399 preat
453 1290 550 1371 coeli
568 1291 730 1403 spatium
743 1320 821 1373 uon
833 1292 996 1401 amplius
1009 1295 1126 1378 ulnas.
1189 1330 1203 1382 1
1215 1331 1242 1384 0
1248 1330 1273 1414 5

198 1432 330 1514 Meu.
344 1430 421 1512 Dic
431 1433 568 1541 quibus
578 1434 733 1516 interris
748 1432 1079 1545 inscripti-nomina
1090 1467 1228 1549 regum

199 1572 412 1668 Nascantur
429 1572 564 1660 flores:
593 1576 824 1686 etPhyllida
839 1576 938 1659 solus
949 1577 1100 1661 habeto.

198 1714 312 1799 Pnr.
330 1714 424 1797 Non
435 1717 603 1800 nostrum
611 1719 782 1800 intervos
792 1700 909 1799 tantas
918 1746 1146 1831 componere
1158 1723 1255 1810 lites.

198 1858 254 1941 Et
265 1854 384 1937 vitula
393 1875 437 1938 tu
449 1860 594 1969 dignus,
615 1877 653 1942 et
673 1857 760 1941 hic:
790 1876 828 1939 et
840 1855 1007 1968 quisquis
1017 1888 1165 1945 amores
1212 1896 1224 1917 0

197 1998 282 2081 Aut
294 2014 436 2079 metuet
452 1998 591 2100 dulces,
610 2015 676 2082 aut
690 1999 899 2111 experietur
912 2026 1071 2082 amaros.
1186 2035 1272 2092 rro

198 2139 372 2225 Claudite
380 2142 463 2251 jam
479 2142 589 2242 rivos,
603 2140 732 2255 pueri:
762 2140 816 2223 sat
832 2159 936 2253 prata
951 2140 1140 2227 biberunt.

212 2348 223 2365 „
439 2350 1032 2520 ncrocnru

546 2564 773 2679 nort
803 2593 823 2672 1
853 2594 905 2677 0.

271 2843 426 2933 Icelides
444 2842 590 2943 Mufie,
604 2838 734 2955 paullo
748 2841 889 2953 majora
902 2869 1093 2931 canamus.

287 2990 384 3073 Non
392 2989 524 3071 omnes
533 2982 832 3095 arbustu'juyant',
845 2981 1080 3098 humilesque
1092 3001 1270 3104 myricae.

194 3131 234 3213 Si
251 3130 421 3215 cauimus
438 3127 567 3237 sylvus,
580 3124 702 3237 sylvae
713 3122 784 3207 sint
797 3120 947 3209 consule
957 3127 1104 3238 dignae.

193 3268 344 3353 Ultima
356 3265 522 3369 ,Cumaei
533 3266 635 3349 venit
647 3267 731 3377 jam
743 3265 919 3349 carminis
934 3284 1056 3350 aetas:

73 3429 76 3435 ’
192 3407 362 3520 Magnus
374 3407 423 3491 ab
438 3408 583 3515 integro
592 3384 800 3488 saecloruin
812 3405 969 3489 nascitur
982 3408 1134 3491 ordo..
1240 3438 1268 3528 5
1342 3487 1348 3497 .

193 3549 285 3659 Jarn
297 3550 393 3633 redit
407 3566 444 3631 et
458 3548 601 3656 Virg03
633 3547 789 3629 redeunt
805 3547 973 3630 Saturnia
983 3576 1120 3660 regna:

109 3723 114 3738 ·
195 3693 286 3799 Jam
303 3721 399 3776 nova
418 3689 615 3805 progenies
631 3689 737 3772 coelo
754 3689 961 3773 demittitur
981 3691 1071 3776 alto.

193 3833 260 3915 Tu
279 3834 397 3923 modo
415 3832 580 3917 nascenti
596 3858 727 3945 puero,
741 3859 819 3942 quo
837 3829 957 3915 ferrea
981 3837 1153 3945 primum

62 4011 68 4023 ·
192 3972 361 4077 Desinet,
379 4003 424 4056 ac
442 3992 521 4055 toto
540 3972 662 4082 surget
677 3981 769 4081 'gens
782 3997 893 4053 aurea
911 3971 1072 4068 mundo,

191 4114 302 4199 Casta
319 4115 401 4207 save
417 4115 591 4197 Lucina:
625 4130 710 4191 tuus
723 4097 950 4219 jam'regnat
968 4102 1122 4222 Apulia
1217 4143 1271 4199 10

191 4260 329 4368 Teque
347 4256 440 4338 adeo
458 4254 571 4338 decus
589 4249 664 4334 hoc
680 4253 771 4350 aevi,
789 4269 826 4332 te
845 4251 1006 4351 consule,
1030 4251 1140 4334 inibit

1119 4390 1243 4475 Pollio
1259 4424 1271 4477 r
