<?xml version="1.0" encoding="UTF-8"?>
<!DOCTYPE html PUBLIC "-//W3C//DTD XHTML 1.0 Transitional//EN"
    "http://www.w3.org/TR/xhtml1/DTD/xhtml1-transitional.dtd">
<html xmlns="http://www.w3.org/1999/xhtml" xml:lang="en" lang="en">
 <head>
  <title>
</title>
<meta http-equiv="Content-Type" content="text/html;charset=utf-8" />
  <meta name='ocr-system' content='tesseract 3.04.00' />
  <meta name='ocr-capabilities' content='ocr_page ocr_carea ocr_par ocr_line ocrx_word'/>
</head>
<body>
  <div class='ocr_page' id='page_1' title='image "./publiivirgiliim01schegoog/publiivirgiliim01schegoog_0063.png"; bbox 0 0 2940 5190; ppageno 0'>
   <div class='ocr_carea' id='block_1_1' title="bbox 190 370 1062 500">
    <p class='ocr_par' dir='ltr' id='par_1_1' title="bbox 190 370 1062 500">
     <span class='ocr_line' id='line_1_1' title="bbox 190 370 1062 500; baseline 0.015 -40"><span class='ocrx_word' id='word_1_1' title='bbox 190 413 265 500; x_wconf 56' lang='lat'>’14</span> <span class='ocrx_word' id='word_1_2' title='bbox 401 370 1062 481; x_wconf 64' lang='lat' dir='ltr'>P.‘V1ncin11³Mnnott1&#39;s</span> 
     </span>
    </p>
   </div>
   <div class='ocr_carea' id='block_1_2' title="bbox 93 561 1379 4066">
    <p class='ocr_par' dir='ltr' id='par_1_2' title="bbox 193 561 1097 654">
     <span class='ocr_line' id='line_1_2' title="bbox 193 561 1097 654; baseline -0.004 0"><span class='ocrx_word' id='word_1_3' title='bbox 193 567 365 654; x_wconf 88' lang='lat' dir='ltr'><strong>Mutabit</strong></span> <span class='ocrx_word' id='word_1_4' title='bbox 382 592 547 648; x_wconf 76' lang='lat' dir='ltr'>meroesz</span> <span class='ocrx_word' id='word_1_5' title='bbox 577 561 959 649; x_wconf 83' lang='lat' dir='ltr'>omnisseretomnia</span> <span class='ocrx_word' id='word_1_6' title='bbox 975 567 1097 649; x_wconf 88' lang='lat' dir='ltr'>tellus.</span> 
     </span>
    </p>

    <p class='ocr_par' dir='ltr' id='par_1_3' title="bbox 192 701 1268 821">
     <span class='ocr_line' id='line_1_3' title="bbox 192 701 1268 821; baseline 0.003 -30"><span class='ocrx_word' id='word_1_7' title='bbox 192 712 287 794; x_wconf 91' lang='lat' dir='ltr'>Non</span> <span class='ocrx_word' id='word_1_8' title='bbox 300 706 437 805; x_wconf 22' lang='lat' dir='ltr'>,rastros</span> <span class='ocrx_word' id='word_1_9' title='bbox 450 706 607 816; x_wconf 73' lang='lat' dir='ltr'>patients</span> <span class='ocrx_word' id='word_1_10' title='bbox 623 701 777 800; x_wconf 88' lang='lat' dir='ltr'>humus,</span> <span class='ocrx_word' id='word_1_11' title='bbox 792 731 869 785; x_wconf 89' lang='lat' dir='ltr'>non</span> <span class='ocrx_word' id='word_1_12' title='bbox 881 705 990 788; x_wconf 85' lang='lat' dir='ltr'>vinea</span> <span class='ocrx_word' id='word_1_13' title='bbox 1009 705 1174 794; x_wconf 73' lang='lat' dir='ltr'>falcem:</span> <span class='ocrx_word' id='word_1_14' title='bbox 1207 743 1268 821; x_wconf 88' lang='lat'>40</span> 
     </span>
    </p>

    <p class='ocr_par' dir='ltr' id='par_1_4' title="bbox 193 825 1149 961">
     <span class='ocr_line' id='line_1_4' title="bbox 193 825 1149 961; baseline 0.005 -29"><span class='ocrx_word' id='word_1_15' title='bbox 193 825 387 933; x_wconf 87' lang='lat' dir='ltr'>Robustus</span> <span class='ocrx_word' id='word_1_16' title='bbox 400 878 552 961; x_wconf 91' lang='lat' dir='ltr'>quoque</span> <span class='ocrx_word' id='word_1_17' title='bbox 565 848 648 957; x_wconf 82' lang='lat' dir='ltr'>jam</span> <span class='ocrx_word' id='word_1_18' title='bbox 660 848 773 928; x_wconf 82' lang='lat' dir='ltr'>tauris</span> <span class='ocrx_word' id='word_1_19' title='bbox 782 847 874 956; x_wconf 79' lang='lat' dir='ltr'>juga</span> <span class='ocrx_word' id='word_1_20' title='bbox 891 846 1006 931; x_wconf 85' lang='lat' dir='ltr'>solvet</span> <span class='ocrx_word' id='word_1_21' title='bbox 1017 868 1149 936; x_wconf 80' lang='lat' dir='ltr'>arator.</span> 
     </span>
    </p>

    <p class='ocr_par' dir='ltr' id='par_1_5' title="bbox 193 985 982 1082">
     <span class='ocr_line' id='line_1_5' title="bbox 193 985 982 1082; baseline -0.003 -11"><span class='ocrx_word' id='word_1_22' title='bbox 193 991 282 1082; x_wconf 86' lang='lat' dir='ltr'>Nec</span> <span class='ocrx_word' id='word_1_23' title='bbox 299 991 417 1072; x_wconf 86' lang='lat' dir='ltr'>varios</span> <span class='ocrx_word' id='word_1_24' title='bbox 432 989 547 1070; x_wconf 81' lang='lat' dir='ltr'>discet</span> <span class='ocrx_word' id='word_1_25' title='bbox 561 987 711 1071; x_wconf 88' lang='lat' dir='ltr'>mentiri</span> <span class='ocrx_word' id='word_1_26' title='bbox 725 985 809 1068; x_wconf 84' lang='lat' dir='ltr'>lana</span> <span class='ocrx_word' id='word_1_27' title='bbox 827 985 982 1069; x_wconf 83' lang='lat' dir='ltr'>colores.</span> 
     </span>
    </p>

    <p class='ocr_par' dir='ltr' id='par_1_6' title="bbox 193 1111 1037 1241">
     <span class='ocr_line' id='line_1_6' title="bbox 193 1111 1037 1241; baseline 0 -31"><span class='ocrx_word' id='word_1_28' title='bbox 193 1129 278 1239; x_wconf 87' lang='lat' dir='ltr'>lpse</span> <span class='ocrx_word' id='word_1_29' title='bbox 294 1129 357 1210; x_wconf 91' lang='lat' dir='ltr'>sed</span> <span class='ocrx_word' id='word_1_30' title='bbox 375 1132 415 1210; x_wconf 93' lang='lat' dir='ltr'>in</span> <span class='ocrx_word' id='word_1_31' title='bbox 432 1130 545 1241; x_wconf 84' lang='lat' dir='ltr'>pratis</span> <span class='ocrx_word' id='word_1_32' title='bbox 556 1130 648 1212; x_wconf 81' lang='lat' dir='ltr'>aries</span> <span class='ocrx_word' id='word_1_33' title='bbox 662 1130 745 1236; x_wconf 85' lang='lat' dir='ltr'>jam</span> <span class='ocrx_word' id='word_1_34' title='bbox 757 1111 865 1208; x_wconf 81' lang='lat' dir='ltr'>suave</span> <span class='ocrx_word' id='word_1_35' title='bbox 887 1128 1037 1210; x_wconf 89' lang='lat' dir='ltr'>rubenti</span> 
     </span>
    </p>

    <p class='ocr_par' dir='ltr' id='par_1_7' title="bbox 194 1257 1095 1380">
     <span class='ocr_line' id='line_1_7' title="bbox 194 1257 1095 1380; baseline 0.001 -28"><span class='ocrx_word' id='word_1_36' title='bbox 194 1270 360 1370; x_wconf 88' lang='lat' dir='ltr'>Murice,</span> <span class='ocrx_word' id='word_1_37' title='bbox 370 1273 453 1380; x_wconf 87' lang='lat' dir='ltr'>jam</span> <span class='ocrx_word' id='word_1_38' title='bbox 469 1298 602 1353; x_wconf 85' lang='lat' dir='ltr'>croceo</span> <span class='ocrx_word' id='word_1_39' title='bbox 620 1268 780 1350; x_wconf 86' lang='lat' dir='ltr'>mutabit</span> <span class='ocrx_word' id='word_1_40' title='bbox 792 1266 929 1350; x_wconf 87' lang='lat' dir='ltr'>vellera</span> <span class='ocrx_word' id='word_1_41' title='bbox 945 1268 1051 1352; x_wconf 86' lang='lat' dir='ltr'>luto:</span> <span class='ocrx_word' id='word_1_42' title='bbox 1093 1257 1095 1263; x_wconf 42' lang='grc'>’</span> 
     </span>
    </p>

    <p class='ocr_par' dir='ltr' id='par_1_8' title="bbox 195 1409 1268 1526">
     <span class='ocr_line' id='line_1_8' title="bbox 195 1409 1268 1526; baseline 0.002 -35"><span class='ocrx_word' id='word_1_43' title='bbox 195 1414 335 1522; x_wconf 85' lang='lat' dir='ltr'>Sponte</span> <span class='ocrx_word' id='word_1_44' title='bbox 352 1411 417 1493; x_wconf 83' lang='lat' dir='ltr'>sua</span> <span class='ocrx_word' id='word_1_45' title='bbox 432 1412 562 1493; x_wconf 86' lang='lat' dir='ltr'>sandix</span> <span class='ocrx_word' id='word_1_46' title='bbox 582 1410 768 1522; x_wconf 82' lang='lat' dir='ltr'>pascentes</span> <span class='ocrx_word' id='word_1_47' title='bbox 781 1409 909 1491; x_wconf 88' lang='lat' dir='ltr'>vestiet</span> <span class='ocrx_word' id='word_1_48' title='bbox 926 1438 1053 1520; x_wconf 85' lang='lat' dir='ltr'>agnos.</span> <span class='ocrx_word' id='word_1_49' title='bbox 1116 1466 1120 1476; x_wconf 40' lang='grc' dir='ltr'><em>ι</em></span> <span class='ocrx_word' id='word_1_50' title='bbox 1208 1443 1237 1521; x_wconf 89' lang='lat'>4</span> <span class='ocrx_word' id='word_1_51' title='bbox 1244 1442 1268 1526; x_wconf 83' lang='lat'>5</span> 
     </span>
    </p>

    <p class='ocr_par' dir='ltr' id='par_1_9' title="bbox 193 1551 1017 1652">
     <span class='ocr_line' id='line_1_9' title="bbox 193 1551 1017 1652; baseline 0 -18"><span class='ocrx_word' id='word_1_52' title='bbox 193 1551 307 1634; x_wconf 88' lang='lat' dir='ltr'>Talia</span> <span class='ocrx_word' id='word_1_53' title='bbox 320 1552 448 1652; x_wconf 81' lang='lat' dir='ltr'>saecla,</span> <span class='ocrx_word' id='word_1_54' title='bbox 461 1552 534 1634; x_wconf 85' lang='lat' dir='ltr'>suis</span> <span class='ocrx_word' id='word_1_55' title='bbox 553 1552 738 1651; x_wconf 81' lang='lat' dir='ltr'>dixetunt,</span> <span class='ocrx_word' id='word_1_56' title='bbox 756 1552 904 1649; x_wconf 86' lang='lat' dir='ltr'>currite,</span> <span class='ocrx_word' id='word_1_57' title='bbox 930 1551 1017 1634; x_wconf 87' lang='lat' dir='ltr'>fufis</span> 
     </span>
    </p>

    <p class='ocr_par' dir='ltr' id='par_1_10' title="bbox 192 1693 1082 1783">
     <span class='ocr_line' id='line_1_10' title="bbox 192 1693 1082 1783; baseline 0.002 -9"><span class='ocrx_word' id='word_1_58' title='bbox 192 1696 409 1783; x_wconf 81' lang='lat' dir='ltr'>Concordes</span> <span class='ocrx_word' id='word_1_59' title='bbox 432 1693 553 1777; x_wconf 83' lang='lat' dir='ltr'>stabili</span> <span class='ocrx_word' id='word_1_60' title='bbox 574 1694 740 1776; x_wconf 74' lang='lat' dir='ltr'>satorum</span> <span class='ocrx_word' id='word_1_61' title='bbox 759 1695 916 1774; x_wconf 89' lang='lat' dir='ltr'>numine</span> <span class='ocrx_word' id='word_1_62' title='bbox 934 1694 1082 1776; x_wconf 84' lang='lat' dir='ltr'>Parcae.</span> 
     </span>
    </p>

    <p class='ocr_par' dir='ltr' id='par_1_11' title="bbox 192 1833 1241 1946">
     <span class='ocr_line' id='line_1_11' title="bbox 192 1833 1241 1946; baseline 0.005 -31"><span class='ocrx_word' id='word_1_63' title='bbox 192 1836 423 1944; x_wconf 84' lang='lat' dir='ltr'>Aggredere,</span> <span class='ocrx_word' id='word_1_64' title='bbox 441 1865 467 1918; x_wconf 92' lang='lat' dir='ltr'>o</span> <span class='ocrx_word' id='word_1_65' title='bbox 485 1864 655 1945; x_wconf 80' lang='lat' dir='ltr'>magnos,</span> <span class='ocrx_word' id='word_1_66' title='bbox 672 1833 878 1943; x_wconf 84' lang='lat' dir='ltr'>aderitjam</span> <span class='ocrx_word' id='word_1_67' title='bbox 888 1851 1050 1946; x_wconf 87' lang='lat' dir='ltr'>tempus,</span> <span class='ocrx_word' id='word_1_68' title='bbox 1065 1836 1241 1938; x_wconf 82' lang='lat' dir='ltr'>honores,</span> 
     </span>
    </p>

    <p class='ocr_par' dir='ltr' id='par_1_12' title="bbox 194 1972 1259 2081">
     <span class='ocr_line' id='line_1_12' title="bbox 194 1972 1259 2081; baseline 0.009 -27"><span class='ocrx_word' id='word_1_69' title='bbox 194 1972 292 2054; x_wconf 78' lang='lat' dir='ltr'>cara</span> <span class='ocrx_word' id='word_1_70' title='bbox 304 1975 435 2073; x_wconf 87' lang='lat' dir='ltr'>Deum</span> <span class='ocrx_word' id='word_1_71' title='bbox 454 1972 609 2072; x_wconf 84' lang='lat' dir='ltr'>soboles,</span> <span class='ocrx_word' id='word_1_72' title='bbox 629 1999 814 2081; x_wconf 81' lang='lat' dir='ltr'>magnum</span> <span class='ocrx_word' id='word_1_73' title='bbox 827 1972 932 2079; x_wconf 85' lang='lat' dir='ltr'>Jovis</span> <span class='ocrx_word' id='word_1_74' title='bbox 948 1973 1227 2061; x_wconf 87' lang='lat' dir='ltr'>incrementum</span> <span class='ocrx_word' id='word_1_75' title='bbox 1242 1985 1259 2064; x_wconf 83' lang='lat'>!&#39;</span> 
     </span>
    </p>

    <p class='ocr_par' dir='ltr' id='par_1_13' title="bbox 194 2109 1270 2231">
     <span class='ocr_line' id='line_1_13' title="bbox 194 2109 1270 2231; baseline 0.006 -40"><span class='ocrx_word' id='word_1_76' title='bbox 194 2109 332 2221; x_wconf 84' lang='lat' dir='ltr'><strong>Aspice</strong></span> <span class='ocrx_word' id='word_1_77' title='bbox 345 2139 514 2195; x_wconf 88' lang='lat' dir='ltr'>convexo</span> <span class='ocrx_word' id='word_1_78' title='bbox 526 2129 720 2195; x_wconf 84' lang='lat' dir='ltr'>nutantem</span> <span class='ocrx_word' id='word_1_79' title='bbox 737 2112 900 2223; x_wconf 89' lang='lat' dir='ltr'>pondere</span> <span class='ocrx_word' id='word_1_80' title='bbox 918 2114 1122 2214; x_wconf 82' lang='lat' dir='ltr'>mundum,¹</span> <span class='ocrx_word' id='word_1_81' title='bbox 1213 2149 1270 2231; x_wconf 82' lang='lat'>50</span> 
     </span>
    </p>

    <p class='ocr_par' dir='ltr' id='par_1_14' title="bbox 195 2254 1272 2367">
     <span class='ocr_line' id='line_1_14' title="bbox 195 2254 1272 2367; baseline 0.008 -32"><span class='ocrx_word' id='word_1_82' title='bbox 195 2254 417 2365; x_wconf 83' lang='lat' dir='ltr'>Tenasque,</span> <span class='ocrx_word' id='word_1_83' title='bbox 427 2256 636 2366; x_wconf 75' lang='lat' dir='ltr'>tractusque</span> <span class='ocrx_word' id='word_1_84' title='bbox 647 2254 773 2351; x_wconf 80' lang='lat' dir='ltr'>maris,</span> <span class='ocrx_word' id='word_1_85' title='bbox 785 2254 1010 2366; x_wconf 84' lang='lat' dir='ltr'>coelumque</span> <span class='ocrx_word' id='word_1_86' title='bbox 1017 2258 1272 2367; x_wconf 79' lang='lat' dir='ltr'>profundum:</span> 
     </span>
    </p>

    <p class='ocr_par' dir='ltr' id='par_1_15' title="bbox 195 2368 1313 2508">
     <span class='ocr_line' id='line_1_15' title="bbox 195 2368 1313 2508; baseline 0.006 -30"><span class='ocrx_word' id='word_1_87' title='bbox 195 2397 345 2508; x_wconf 79' lang='lat' dir='ltr'>Aspice,</span> <span class='ocrx_word' id='word_1_88' title='bbox 364 2417 521 2480; x_wconf 88' lang='lat' dir='ltr'>venturo</span> <span class='ocrx_word' id='word_1_89' title='bbox 538 2399 717 2482; x_wconf 84' lang='lat' dir='ltr'>iactentur</span> <span class='ocrx_word' id='word_1_90' title='bbox 734 2418 777 2480; x_wconf 92' lang='lat' dir='ltr'>ut</span> <span class='ocrx_word' id='word_1_91' title='bbox 797 2400 927 2480; x_wconf 89' lang='lat' dir='ltr'>omnia</span> <span class='ocrx_word' id='word_1_92' title='bbox 944 2399 1077 2486; x_wconf 85' lang='lat' dir='ltr'>saeclo.</span> <span class='ocrx_word' id='word_1_93' title='bbox 1309 2368 1313 2385; x_wconf 42' lang='lat'>⁸</span> 
     </span>
    </p>

    <p class='ocr_par' dir='ltr' id='par_1_16' title="bbox 196 2520 1362 2652">
     <span class='ocr_line' id='line_1_16' title="bbox 196 2520 1362 2652; baseline 0.004 -32"><span class='ocrx_word' id='word_1_94' title='bbox 196 2539 237 2620; x_wconf 92' lang='lat' dir='ltr'>O</span> <span class='ocrx_word' id='word_1_95' title='bbox 256 2538 353 2620; x_wconf 87' lang='lat' dir='ltr'>mihi</span> <span class='ocrx_word' id='word_1_96' title='bbox 370 2558 450 2622; x_wconf 80' lang='lat' dir='ltr'>tam</span> <span class='ocrx_word' id='word_1_97' title='bbox 468 2541 599 2651; x_wconf 84' lang='lat' dir='ltr'>longae</span> <span class='ocrx_word' id='word_1_98' title='bbox 613 2559 763 2623; x_wconf 81' lang='lat' dir='ltr'>maneat</span> <span class='ocrx_word' id='word_1_99' title='bbox 780 2569 863 2652; x_wconf 80' lang='lat' dir='ltr'>pars</span> <span class='ocrx_word' id='word_1_100' title='bbox 882 2541 1017 2623; x_wconf 84' lang='lat' dir='ltr'>ultima</span> <span class='ocrx_word' id='word_1_101' title='bbox 1034 2544 1143 2642; x_wconf 85' lang='lat' dir='ltr'>vitae,</span> <span class='ocrx_word' id='word_1_102' title='bbox 1236 2616 1239 2620; x_wconf 70' lang='grc'><strong>,</strong></span> <span class='ocrx_word' id='word_1_103' title='bbox 1260 2616 1263 2621; x_wconf 95' lang='grc'><em>.</em></span> <span class='ocrx_word' id='word_1_104' title='bbox 1359 2520 1362 2525; x_wconf 38' lang='grc'><strong>’</strong></span> 
     </span>
    </p>

    <p class='ocr_par' dir='ltr' id='par_1_17' title="bbox 197 2677 1268 2790">
     <span class='ocr_line' id='line_1_17' title="bbox 197 2677 1268 2790; baseline 0.005 -31"><span class='ocrx_word' id='word_1_105' title='bbox 197 2677 352 2788; x_wconf 69' lang='lat' dir='ltr'>Spisitus</span> <span class='ocrx_word' id='word_1_106' title='bbox 364 2697 413 2778; x_wconf 90' lang='lat' dir='ltr'>et,</span> <span class='ocrx_word' id='word_1_107' title='bbox 428 2699 614 2790; x_wconf 87' lang='lat' dir='ltr'>quantum</span> <span class='ocrx_word' id='word_1_108' title='bbox 625 2681 678 2763; x_wconf 87' lang='lat' dir='ltr'>sat</span> <span class='ocrx_word' id='word_1_109' title='bbox 690 2681 761 2762; x_wconf 87' lang='lat' dir='ltr'>erit</span> <span class='ocrx_word' id='word_1_110' title='bbox 772 2699 838 2761; x_wconf 82' lang='lat' dir='ltr'>tua</span> <span class='ocrx_word' id='word_1_111' title='bbox 855 2680 976 2771; x_wconf 84' lang='lat' dir='ltr'>dicere</span> <span class='ocrx_word' id='word_1_112' title='bbox 989 2679 1111 2764; x_wconf 71' lang='lat' dir='ltr'>factat</span> <span class='ocrx_word' id='word_1_113' title='bbox 1266 2783 1268 2786; x_wconf 6' lang='grc' dir='ltr'><em>Α</em></span> 
     </span>
    </p>

    <p class='ocr_par' dir='ltr' id='par_1_18' title="bbox 197 2819 1379 3072">
     <span class='ocr_line' id='line_1_18' title="bbox 197 2819 1379 2934; baseline 0.005 -34"><span class='ocrx_word' id='word_1_114' title='bbox 197 2822 293 2912; x_wconf 92' lang='lat' dir='ltr'>Non</span> <span class='ocrx_word' id='word_1_115' title='bbox 306 2849 370 2902; x_wconf 90' lang='lat' dir='ltr'>me</span> <span class='ocrx_word' id='word_1_116' title='bbox 383 2823 611 2905; x_wconf 85' lang='lat' dir='ltr'>carminibus</span> <span class='ocrx_word' id='word_1_117' title='bbox 623 2823 759 2923; x_wconf 84' lang='lat' dir='ltr'>vincet,</span> <span class='ocrx_word' id='word_1_118' title='bbox 779 2849 849 2904; x_wconf 90' lang='lat' dir='ltr'>nec</span> <span class='ocrx_word' id='word_1_119' title='bbox 864 2819 1054 2904; x_wconf 84' lang='lat' dir='ltr'>Thracius</span> <span class='ocrx_word' id='word_1_120' title='bbox 1068 2820 1259 2934; x_wconf 82' lang='lat' dir='ltr'>Orpheus,</span> <span class='ocrx_word' id='word_1_121' title='bbox 1377 2840 1379 2844; x_wconf 70' lang='lat'>‘</span> 
     </span>
     <span class='ocr_line' id='line_1_19' title="bbox 197 2959 1274 3072; baseline 0.002 -30"><span class='ocrx_word' id='word_1_122' title='bbox 197 2963 285 3052; x_wconf 89' lang='lat' dir='ltr'>Nec</span> <span class='ocrx_word' id='word_1_123' title='bbox 302 2963 445 3046; x_wconf 87' lang='lat' dir='ltr'>Linus:</span> <span class='ocrx_word' id='word_1_124' title='bbox 476 2959 566 3045; x_wconf 93' lang='lat' dir='ltr'>huic</span> <span class='ocrx_word' id='word_1_125' title='bbox 588 2980 707 3044; x_wconf 86' lang='lat' dir='ltr'>mater</span> <span class='ocrx_word' id='word_1_126' title='bbox 720 2962 904 3071; x_wconf 87' lang='lat' dir='ltr'>quamvis,</span> <span class='ocrx_word' id='word_1_127' title='bbox 931 2978 1043 3071; x_wconf 82' lang='lat' dir='ltr'>utque</span> <span class='ocrx_word' id='word_1_128' title='bbox 1061 2959 1152 3044; x_wconf 89' lang='lat' dir='ltr'>huic</span> <span class='ocrx_word' id='word_1_129' title='bbox 1169 2982 1274 3072; x_wconf 81' lang='lat' dir='ltr'>pater</span> 
     </span>
    </p>

    <p class='ocr_par' dir='ltr' id='par_1_19' title="bbox 93 3087 1271 3215">
     <span class='ocr_line' id='line_1_20' title="bbox 93 3087 1271 3215; baseline 0.003 -32"><span class='ocrx_word' id='word_1_130' title='bbox 93 3087 96 3095; x_wconf 78' lang='lat'>.</span> <span class='ocrx_word' id='word_1_131' title='bbox 381 3101 498 3199; x_wconf 81' lang='lat' dir='ltr'><strong>adfit3</strong></span> <span class='ocrx_word' id='word_1_132' title='bbox 1215 3107 1271 3215; x_wconf 71' lang='lat'>56</span> 
     </span>
    </p>

    <p class='ocr_par' dir='ltr' id='par_1_20' title="bbox 199 3238 1170 3355">
     <span class='ocr_line' id='line_1_21' title="bbox 199 3238 1170 3355; baseline -0.01 -27"><span class='ocrx_word' id='word_1_133' title='bbox 199 3242 347 3355; x_wconf 89' lang='lat' dir='ltr'>Orphei</span> <span class='ocrx_word' id='word_1_134' title='bbox 364 3241 568 3355; x_wconf 84' lang='lat' dir='ltr'>Calliopea,</span> <span class='ocrx_word' id='word_1_135' title='bbox 587 3243 689 3324; x_wconf 91' lang='lat' dir='ltr'>Lino</span> <span class='ocrx_word' id='word_1_136' title='bbox 706 3240 890 3325; x_wconf 86' lang='lat' dir='ltr'>formosus</span> <span class='ocrx_word' id='word_1_137' title='bbox 901 3238 1058 3351; x_wconf 82' lang='lat' dir='ltr'><strong>Apollo.</strong></span> <span class='ocrx_word' id='word_1_138' title='bbox 1162 3296 1170 3307; x_wconf 80' lang='lat'><strong>·</strong></span> 
     </span>
    </p>

    <p class='ocr_par' dir='ltr' id='par_1_21' title="bbox 200 3383 1269 3489">
     <span class='ocr_line' id='line_1_22' title="bbox 200 3383 1269 3489; baseline -0.008 -19"><span class='ocrx_word' id='word_1_139' title='bbox 200 3391 280 3470; x_wconf 87' lang='lat' dir='ltr'>Pan</span> <span class='ocrx_word' id='word_1_140' title='bbox 296 3387 423 3485; x_wconf 86' lang='lat' dir='ltr'>etiam,</span> <span class='ocrx_word' id='word_1_141' title='bbox 442 3386 604 3468; x_wconf 86' lang='lat' dir='ltr'>Arcadia</span> <span class='ocrx_word' id='word_1_142' title='bbox 620 3413 776 3466; x_wconf 89' lang='lat' dir='ltr'>mecum</span> <span class='ocrx_word' id='word_1_143' title='bbox 793 3384 821 3464; x_wconf 90' lang='lat' dir='ltr'>fi</span> <span class='ocrx_word' id='word_1_144' title='bbox 833 3383 961 3489; x_wconf 87' lang='lat' dir='ltr'>judice</span> <span class='ocrx_word' id='word_1_145' title='bbox 978 3398 1109 3485; x_wconf 85' lang='lat' dir='ltr'>certet,</span> <span class='ocrx_word' id='word_1_146' title='bbox 1266 3409 1269 3415; x_wconf 78' lang='grc'><strong><em>’</em></strong></span> 
     </span>
    </p>

    <p class='ocr_par' dir='ltr' id='par_1_22' title="bbox 199 3508 1091 3635">
     <span class='ocr_line' id='line_1_23' title="bbox 199 3508 1091 3635; baseline -0.01 -21"><span class='ocrx_word' id='word_1_147' title='bbox 199 3535 280 3614; x_wconf 87' lang='lat' dir='ltr'>Pan</span> <span class='ocrx_word' id='word_1_148' title='bbox 300 3532 416 3613; x_wconf 83' lang='lat' dir='ltr'>etiam</span> <span class='ocrx_word' id='word_1_149' title='bbox 435 3530 599 3612; x_wconf 87' lang='lat' dir='ltr'>Arcadia</span> <span class='ocrx_word' id='word_1_150' title='bbox 617 3528 716 3608; x_wconf 83' lang='lat' dir='ltr'>dica&#39;t</span> <span class='ocrx_word' id='word_1_151' title='bbox 735 3527 772 3608; x_wconf 91' lang='lat' dir='ltr'>se</span> <span class='ocrx_word' id='word_1_152' title='bbox 786 3526 916 3635; x_wconf 84' lang='lat' dir='ltr'>judice</span> <span class='ocrx_word' id='word_1_153' title='bbox 933 3508 1091 3605; x_wconf 75' lang='lat' dir='ltr'>nictum.</span> 
     </span>
    </p>

    <p class='ocr_par' dir='ltr' id='par_1_23' title="bbox 199 3664 1274 3785">
     <span class='ocr_line' id='line_1_24' title="bbox 199 3664 1274 3785; baseline -0.009 -29"><span class='ocrx_word' id='word_1_154' title='bbox 199 3673 342 3785; x_wconf 86' lang='lat' dir='ltr'>Incipe,</span> <span class='ocrx_word' id='word_1_155' title='bbox 363 3697 473 3781; x_wconf 88' lang='lat' dir='ltr'>parve</span> <span class='ocrx_word' id='word_1_156' title='bbox 491 3696 595 3779; x_wconf 89' lang='lat' dir='ltr'>puer,</span> <span class='ocrx_word' id='word_1_157' title='bbox 625 3665 699 3748; x_wconf 88' lang='lat' dir='ltr'>risu</span> <span class='ocrx_word' id='word_1_158' title='bbox 712 3664 930 3774; x_wconf 87' lang='lat' dir='ltr'>cognoscere</span> <span class='ocrx_word' id='word_1_159' title='bbox 949 3680 1140 3744; x_wconf 84' lang='lat' dir='ltr'>matrem:</span> <span class='ocrx_word' id='word_1_160' title='bbox 1215 3665 1274 3746; x_wconf 81' lang='lat'>60</span> 
     </span>
    </p>

    <p class='ocr_par' dir='ltr' id='par_1_24' title="bbox 199 3802 1106 3921">
     <span class='ocr_line' id='line_1_25' title="bbox 199 3802 1106 3921; baseline -0.01 -25"><span class='ocrx_word' id='word_1_161' title='bbox 199 3815 317 3896; x_wconf 87' lang='lat' dir='ltr'>Matri</span> <span class='ocrx_word' id='word_1_162' title='bbox 332 3813 444 3921; x_wconf 84' lang='lat' dir='ltr'>longa</span> <span class='ocrx_word' id='word_1_163' title='bbox 456 3812 591 3892; x_wconf 87' lang='lat' dir='ltr'>decem</span> <span class='ocrx_word' id='word_1_164' title='bbox 609 3807 774 3889; x_wconf 89' lang='lat' dir='ltr'>tulerunt</span> <span class='ocrx_word' id='word_1_165' title='bbox 787 3805 934 3888; x_wconf 81' lang='lat' dir='ltr'>fastidia</span> <span class='ocrx_word' id='word_1_166' title='bbox 950 3802 1106 3887; x_wconf 84' lang='lat' dir='ltr'>menses.</span> 
     </span>
    </p>

    <p class='ocr_par' dir='ltr' id='par_1_25' title="bbox 199 3947 1273 4066">
     <span class='ocr_line' id='line_1_26' title="bbox 199 3947 1273 4066; baseline -0.014 -29"><span class='ocrx_word' id='word_1_167' title='bbox 199 3956 341 4066; x_wconf 88' lang='lat' dir='ltr'>Incipe,</span> <span class='ocrx_word' id='word_1_168' title='bbox 363 3981 474 4065; x_wconf 85' lang='lat' dir='ltr'>parve</span> <span class='ocrx_word' id='word_1_169' title='bbox 487 3981 581 4064; x_wconf 85' lang='lat' dir='ltr'>puer</span> <span class='ocrx_word' id='word_1_170' title='bbox 588 3992 601 4050; x_wconf 86' lang='lat'>;</span> <span class='ocrx_word' id='word_1_171' title='bbox 620 3950 683 4032; x_wconf 92' lang='lat' dir='ltr'>cui</span> <span class='ocrx_word' id='word_1_172' title='bbox 696 3976 774 4029; x_wconf 92' lang='lat' dir='ltr'>non</span> <span class='ocrx_word' id='word_1_173' title='bbox 789 3947 896 4030; x_wconf 88' lang='lat' dir='ltr'>risere</span> <span class='ocrx_word' id='word_1_174' title='bbox 913 3963 1094 4058; x_wconf 72' lang='lat' dir='ltr'>ponentes,</span> <span class='ocrx_word' id='word_1_175' title='bbox 1267 4009 1273 4022; x_wconf 91' lang='lat'><strong>.</strong></span> 
     </span>
    </p>
   </div>
   <div class='ocr_carea' id='block_1_3' title="bbox 50 4082 1278 4202">
    <p class='ocr_par' dir='ltr' id='par_1_26' title="bbox 50 4082 1278 4202">
     <span class='ocr_line' id='line_1_27' title="bbox 50 4082 1278 4202; baseline -0.014 -17"><span class='ocrx_word' id='word_1_176' title='bbox 50 4115 52 4119; x_wconf 75' lang='grc'>’</span> <span class='ocrx_word' id='word_1_177' title='bbox 199 4102 287 4197; x_wconf 87' lang='lat' dir='ltr'>Nec</span> <span class='ocrx_word' id='word_1_178' title='bbox 302 4102 407 4183; x_wconf 87' lang='lat' dir='ltr'>Deus</span> <span class='ocrx_word' id='word_1_179' title='bbox 427 4093 531 4181; x_wconf 90' lang='lat' dir='ltr'>hunc</span> <span class='ocrx_word' id='word_1_180' title='bbox 549 4093 688 4197; x_wconf 80' lang='lat' dir='ltr'>mensa,</span> <span class='ocrx_word' id='word_1_181' title='bbox 711 4093 795 4175; x_wconf 82' lang='lat' dir='ltr'>Dea</span> <span class='ocrx_word' id='word_1_182' title='bbox 812 4119 883 4175; x_wconf 90' lang='lat' dir='ltr'>nec</span> <span class='ocrx_word' id='word_1_183' title='bbox 902 4091 1052 4202; x_wconf 77' lang='lat' dir='ltr'>dignata</span> <span class='ocrx_word' id='word_1_184' title='bbox 1069 4082 1184 4167; x_wconf 91' lang='lat' dir='ltr'>cubili</span> <span class='ocrx_word' id='word_1_185' title='bbox 1203 4082 1278 4168; x_wconf 70' lang='lat' dir='ltr'>&#39;est-</span> 
     </span>
    </p>
   </div>
   <div class='ocr_carea' id='block_1_4' title="bbox 831 4295 1274 4490">
    <p class='ocr_par' dir='ltr' id='par_1_27' title="bbox 831 4295 1274 4490">
     <span class='ocr_line' id='line_1_28' title="bbox 831 4295 1274 4490; baseline -0.005 -38"><span class='ocrx_word' id='word_1_186' title='bbox 831 4295 834 4301; x_wconf 35' lang='lat'>&#39;</span> <span class='ocrx_word' id='word_1_187' title='bbox 1008 4297 1274 4490; x_wconf 69' lang='lat' dir='ltr'>senous</span> 
     </span>
    </p>
   </div>
   <div class='ocr_carea' id='block_1_5' title="bbox 0 0 1484 5190">
    <p class='ocr_par' dir='ltr' id='par_1_28' title="bbox 0 0 1484 5190">
     <span class='ocr_line' id='line_1_29' title="bbox 0 0 1484 5190; baseline 0 0"><span class='ocrx_word' id='word_1_188' title='bbox 0 0 1484 5190; x_wconf 95' lang='lat' dir='ltr'> </span> 
     </span>
    </p>
   </div>
  </div>
 </body>
</html>
