2940 5190
285 395 390 487 -124
481 363 533 458 P.
564 362 826 457 Vrnotnrr
861 361 1138 460 Minoum

285 562 497 677 Impulerit.
527 580 696 646 tantaene
710 562 845 644 animis
865 561 1082 647 coelestibus
1098 567 1202 648 irae?
1230 669 1233 675 Ι
1304 594 1320 652 1
1327 599 1354 684 ς

190 762 192 768 ,
346 703 449 784 Urbs
467 703 617 812 antiqua
629 702 714 800 fuit,
737 701 848 811 Tyrii
868 719 1016 784 tenuere
1034 703 1171 803 coloni,

281 843 487 959 'Cnrtlrngn
521 843 668 924 Italiam
688 859 828 941 contra,
853 841 1107 952 Tiberinaque
1118 845 1231 954 longe

285 981 404 1082 Ostia,
429 984 530 1064 dives
547 1010 679 1093 opum,
709 979 907 1089 studiisque
924 981 1119 1092 asperrima
1137 984 1254 1067 belli:

285 1130 417 1236 Qum
429 1127 532 1232 Juno
545 1124 661 1206 fertur
672 1123 774 1204 terris
792 1123 911 1231 magia
927 1123 1103 1205 omnibus
1119 1152 1235 1208 unam

202 1274 207 1289 '
285 1263 500 1347 Posthabita
520 1263 670 1344 coluiffe
687 1264 811 1344 Sarno.
821 1302 828 1313 ·
838 1259 903 1340 hic
917 1261 1015 1343 illius
1032 1291 1147 1362 arma,
1296 1289 1353 1349 20

285 1406 367 1487 Hic
385 1430 511 1485 currus
527 1401 624 1483 fuit:
652 1398 727 1481 hoc
745 1427 905 1508 regnum
918 1399 988 1483 dea
999 1402 1171 1512 gentibus
1189 1400 1273 1500 effe,

287 1545 414 1651 Siqua
428 1541 502 1622 fata
516 1540 644 1636 fiuant,
671 1540 753 1646 jam
770 1557 855 1652 tum
873 1539 1064 1650 tenditque
1080 1540 1269 1651 fovetque.

284 1679 508 1788 Progeniem
534 1676 713 1758 sedenim
725 1676 892 1783 Trojano
907 1704 929 1756 a
946 1676 1122 1786 sanguine
1135 1677 1222 1758 duci

285 1820 480 1916 Audierat,
519 1816 653 1924 Tyrias
670 1813 765 1896 olim
777 1841 874 1923 quae
887 1828 1043 1895 verteret
1058 1844 1170 1896 arces.

281 1956 398 2064 Hinc,
408 1953 608 2069 populum,
627 1952 702 2054 late
718 1979 848 2063 regern
865 1951 1041 2068 belloque
1059 1952 1274 2065 superbum,
1295 1983 1317 2038 2
1325 1985 1350 2068 ς

285 2096 502 2181 Venturum
518 2066 664 2178 excidio
681 2094 848 2203 Libyae3
871 2092 923 2175 fic
939 2093 1086 2195 volvere
1097 2096 1240 2177 Parcas.

285 2238 333 2319 Id
350 2257 533 2337 metuens,
560 2234 763 2344 veterisque
781 2256 930 2317 mernor
948 2234 1120 2326 Sanunia
1131 2235 1233 2335 belli,

284 2350 413 2458 Prima
429 2374 533 2484 quod
549 2373 598 2454 ad
611 2374 769 2481 Trojam
785 2398 854 2483 pro
870 2368 991 2453 charis
1004 2371 1154 2482 gellerat
1167 2373 1292 2482 Argis.

285 2515 465 2597 Necdum
487 2515 601 2595 etiam
617 2512 744 2594 causae
762 2514 902 2593 irarum
919 2513 1085 2621 saevique
1105 2513 1251 2593 dolores

284 2652 512 2734 Exciderant
531 2652 672 2736 animo.
703 2667 830 2733 manet
842 2652 914 2731 alta
927 2669 1052 2732 mente
1065 2651 1253 2761 repostum
1294 2681 1349 2764 30

284 2793 481 2901 Judicium
496 2793 649 2905 Paridis3
673 2791 889 2903 'spretaeque
903 2792 1033 2901 injuria
1047 2792 1205 2893 formae,

284 2933 338 3015 Et
356 2961 472 3044 genus
486 2932 657 3030 invisum,
688 2950 726 3014 et
743 2906 836 3042 rapti
853 2932 1086 3042 Ganymedis
1107 2932 1278 3013 honores.

285 3072 360 3152 His
378 3060 657 3180 aecensasuper,
676 3073 831 3178 juratos
844 3098 1004 3181 aequore
1016 3089 1097 3150 toto

286 3211 419 3306 Troas,
456 3186 640 3318 relliquiae
664 3210 842 3289 Danaum
865 3227 976 3318 atque
1000 3209 1156 3289 immitis
1173 3206 1350 3306 Achillei,

285 3348 449 3429 Arcebat
467 3347 577 3457 longe
592 3346 727 3429 Latio:
757 3346 968 3456 multosque
980 3376 1046 3459 per
1059 3374 1175 3427 annos
1295 3378 1349 3460 35

285 3486 470 3573 Errabant
481 3486 552 3565 aeti
565 3483 777 3571 fatis-maria
791 3485 920 3566 omnia
933 3485 1090 3571 circum.

285 3625 430 3708 Tantae
443 3622 554 3705 molis
567 3641 645 3705 erat
655 3624 1050 3706 Romanamcondere
1061 3641 1226 3736 gentem.

347 3764 426 3845 Vix
439 3791 461 3844 e
475 3761 672 3874 conspettn
686 3759 982 3843 Siculaetelluris
996 3764 1036 3843 in
1050 3764 1170 3844 altum

285 3901 382 4009 Vela
394 3901 532 3983 dabant
543 3901 640 4003 laeti,
666 3920 704 3984 et
717 3902 865 4012 spumas
878 3902 958 3985 salis
971 3933 1052 3985 aere
1065 3904 1220 3987 ruebant
1231 3943 1245 4003 3

282 4040 387 4120 Cum
399 4039 514 4145 Juno,
537 4057 728 4122 aeternum
743 4040 885 4122 servans
898 4041 965 4122 sub
979 4048 1127 4154 potiore
1137 4042 1285 4146 vulnus,
1295 4072 1352 4152 40

284 4179 391 4266 Haec
404 4177 553 4267 secum:
575 4207 688 4268 mene
699 4179 848 4292 incepto
860 4181 1027 4284 desistere
1040 4184 1192 4297 vidam,

1265 4321 1351 4408 Nec
