2940 5190
328 394 690 490 Guonotcs.
726 393 858 490 Lu.
892 394 956 488 11.
1112 370 1184 527 77

123 598 266 677 Interea
280 592 406 676 dulces
420 594 583 705 pendent
599 596 744 676 circum
764 595 886 679 oscula
905 595 1006 680 natis

123 733 231 813 Casta
242 733 460 843 pudicitiam
477 735 592 814 servat
605 733 763 817 domus:
795 733 909 837 ubera
920 760 1054 818 vaccae

122 871 259 951 Lattea
275 872 498 952 demittunt:
529 872 756 981 pinguesque
770 871 984 982 ingramine
994 873 1091 957 laeto
1102 897 1156 985 52
1163 897 1188 988 ς

124 1010 224 1088 Inter
234 1008 271 1088 se
283 1007 439 1090 adverfis
453 1009 639 1087 ludtantur
652 1009 826 1089 cornibus
841 1008 971 1094 hoedi.
1175 1115 1179 1130 ,

123 1147 206 1258 ipse
221 1147 297 1227 dies
311 1146 423 1255 agitat
438 1145 569 1228 festos:
600 1144 775 1255 fususque
792 1176 858 1258 per
872 1146 1042 1246 herbam,

122 1289 224 1398 Ignis
241 1288 307 1368 ubi
319 1288 519 1390 in'medio,
533 1304 570 1368 et
581 1287 669 1369 socii
686 1305 825 1369 cratera
837 1307 1028 1396 coronant,

124 1430 187 1509 Te
213 1428 343 1524 libans,
370 1429 528 1526 Lenaee,
547 1445 677 1510 vocat:
713 1426 927 1539 pecorisque
953 1427 1133 1540 magistris

125 1565 397 1674 Velocisjacuii
417 1567 617 1648 certamina
629 1567 922 1678 ponitinulmo,
1105 1593 1191 1682 530

123 1711 368 1819 'Corporaque
386 1708 516 1818 agresti
530 1709 646 1790 nudat
665 1710 841 1820 praedura
853 1707 1042 1820 palaestra.
1167 1706 1170 1711 ’

125 1850 237 1930 Hanc
255 1849 349 1930 olim
367 1867 504 1932 veteres
523 1851 639 1932 vitam
653 1850 800 1933 coluere
813 1851 965 1949 Sabini3
1119 1939 1120 1943 a
1141 1963 1144 1967 Ι
1163 1960 1167 1967 Ι

85 2050 90 2055 .
124 1991 238 2071 Hanc
251 1992 397 2072 Remus
410 2010 447 2070 et
458 1968 595 2088 fratem
615 1991 664 2070 fic
679 1991 784 2071 fortis
797 1992 946 2072 Etruria
958 1993 1102 2094 crevit3
1126 1964 1134 2065 s

127 2128 275 2208 Scilicet
290 2148 327 2207 et
340 2155 465 2207 rerum
480 2129 577 2208 facta
589 2128 643 2207 est
660 2126 912 2236 pulcherrima
923 2130 1065 2233 Roma,

130 2270 353 2375 septemque
371 2293 445 2345 una
457 2264 649 2345 fibi'muro
662 2265 907 2378 circumdedit
919 2295 1031 2351 arces.
1110 2295 1133 2381 5
1140 2298 1160 2382 3
1170 2298 1193 2381 ς

130 2406 232 2484 Ante
250 2403 364 2483 etiam
382 2401 568 2511 sceptrum
587 2401 735 2483 Dictaei
751 2405 859 2513 regis,
875 2423 912 2486 et
929 2424 1015 2488 ante
1153 2512 1156 2519 ¹
1175 2514 1179 2523 ἱ

130 2544 253 2654 impia
270 2570 386 2653 quam
404 2543 514 2624 caefis
533 2571 622 2653 gens
641 2544 695 2624 est
716 2542 863 2655 epulata
876 2541 1056 2656 juvencis,

130 2687 278 2766 Aureus
295 2680 392 2763 hanc
413 2683 528 2765 vitam
540 2680 701 2766 interris
721 2684 894 2767 Saturnus
913 2687 1055 2801 agebat.
1124 2794 1128 2800 Ι

131 2821 314 2905 Necdum
325 2821 439 2899 etiam
456 2820 645 2900 audierant
666 2817 786 2900 inflari
804 2820 960 2916 clasiica,
984 2821 1149 2902 necdum

133 2958 328 3068 Impositos
341 2956 441 3036 duris
454 2957 630 3066 crepitare
643 2957 842 3039 incudibus
854 2958 967 3041 enses.
1028 2954 1032 2961 ’
1107 2987 1191 3074 540
1279 2972 1285 2984 '

134 3097 206 3178 Sed
226 3122 293 3178 nos
305 3096 533 3178 immensum
550 3096 671 3208 spatiis
689 3097 921 3180 confecimus
933 3124 1090 3206 aequor:

133 3237 185 3316 Et
195 3240 277 3346 jam
290 3254 437 3348 tempus
454 3263 597 3349 equum
615 3226 798 3319 fumantia
815 3237 952 3321 solvere
971 3235 1079 3355 colla.
