2940 5190
263 390 266 394 “
303 348 367 440 26
512 344 564 438 P.
600 340 860 435 Vrnorsrr
895 341 1173 441 Minoum
1261 402 1263 408 ι

295 544 476 627 Carmina
491 560 623 655 coepta
630 544 715 640 tuis,
733 561 845 654 atque
852 538 950 624 hanc
957 544 1033 627 srne
1041 563 1210 658 tempora
1221 552 1366 636 circtrm

295 686 398 766 Inter
417 683 583 765 victrices
596 678 774 765 hederam
791 682 860 765 tibi
877 681 1018 794 serpere
1035 685 1168 770 lauros.

293 822 446 932 Frigida
463 822 528 908 vix
544 820 651 904 coelo
668 824 786 904 nostis
800 821 999 909 decesserat
1013 825 1161 922 umbra,

294 965 399 1046 Cum
413 991 473 1045 ros
490 963 536 1053 in
546 982 673 1045 tenera
690 964 814 1074 pecori
832 963 1054 1072 gratissnnus
1074 962 1190 1047 herba
1204 964 1282 1050 est:
1308 993 1360 1078 ις

292 1087 522 1186 Incumbens
538 1106 642 1185 tereti
659 1105 814 1185 Damon
827 1102 877 1184 fic
893 1104 1016 1213 coepit
1036 1104 1166 1189 olivae.

294 1243 387 1328 DA.
419 1242 594 1342 Nascere,
613 1272 775 1353 praeque
793 1241 898 1326 diem
918 1240 1068 1324 veniens
1084 1271 1166 1352 age,
1195 1242 1360 1363 Lucifer,

475 1380 649 1478 almum3

293 1517 475 1628 Conjugis
492 1519 647 1629 indigno
665 1519 779 1600 Nisae
796 1521 972 1631 deceptus
991 1549 1121 1604 amore

291 1661 404 1742 Dum
425 1687 573 1769 queror,
593 1677 630 1740 et
645 1658 748 1740 divos
772 1661 1006 1768 (quanquam
1019 1663 1073 1742 nil
1088 1661 1241 1743 testibus
1252 1660 1325 1743 illis

290 1796 457 1904 Proseci)
485 1817 650 1880 extrema
665 1798 827 1877 moriens
842 1816 970 1878 tamen
983 1799 1152 1911 alloquor
1164 1799 1269 1884 hora.
1304 1828 1361 1886 κο

292 1937 423 2047 Incipe
440 1938 650 2021 Maenalios
670 1964 837 2033 mecum,
853 1963 940 2018 mea
954 1936 1058 2040 tibia,
1077 1940 1210 2022 versus.

55 2087 58 2091 ’
115 2162 118 2166 ,
291 2077 489 2159 Maenalus
507 2097 754 2188 argutumque
773 2103 907 2157 nemus
923 2077 1103 2189 pinosque
1120 2077 1314 2187 loquentes

292 2219 449 2329 Semper
463 2216 775 2325 habesasemper
784 2213 983 2324 pastorum
998 2215 1060 2296 ille
1075 2217 1179 2300 audit
1199 2244 1357 2316 amores,

291 2360 481 2468 Panaque,
509 2358 575 2467 qui
598 2357 741 2466 primus
757 2353 920 2436 calamos
943 2384 1021 2438 non
1046 2355 1166 2466 passus
1183 2357 1327 2460 inertes.

291 2499 421 2606 Incipe
440 2494 648 2576 Maenalios
663 2521 831 2590 mecum,
850 2521 935 2574 mea
950 2495 1053 2592 tibia,
1073 2499 1205 2577 versus.
1300 2527 1323 2581 2
1332 2525 1356 2610 5

292 2618 434 2745 Mopso
452 2633 545 2712 Nisa
564 2633 682 2714 datur.
716 2631 806 2741 quid
823 2660 900 2711 non
915 2631 1102 2741 speremus
1119 2641 1312 2718 amantes?
1357 2690 1359 2695 -

290 2774 502 2882 Jungentur
514 2773 595 2881 jam
609 2769 769 2883 gryphes
789 2772 919 2880 equis:
949 2799 1114 2882 aevoque
1132 2774 1298 2883 sequenti

279 2916 396 2996 ‘Cum
413 2913 565 2995 canibus
582 2912 704 2992 timidi
727 2912 874 2995 venient
891 2910 939 2990 ad
952 2912 1087 3022 pocula
1104 2914 1249 2999 damae.

194 3094 197 3103 ·
289 3055 438 3164 Mopse,
457 3082 570 3135 novas
589 3054 709 3133 incide
722 3051 844 3132 faces:
876 3051 944 3130 tibi
956 3052 1105 3134 ducitur
1118 3080 1225 3136 uxor.

178 3287 184 3305 Ι
290 3195 440 3303 Sparge,
454 3195 599 3292 marite,
622 3220 759 3274 nuces:
784 3191 851 3271 tibi
862 3190 992 3274 deserit
1006 3194 1193 3304 Hesperus
1204 3194 1355 3276 Oetam.

289 3337 419 3445 Incipe
431 3335 640 3416 Maenalios
654 3363 822 3433 mecum,
842 3361 927 3414 mea
945 3335 1046 3430 tibia,
1057 3335 1190 3418 versus.
1297 3365 1346 3446 3¹

289 3477 329 3555 Ο
344 3476 458 3583 digno
470 3476 666 3583 conjundla
679 3475 758 3553 viro
773 3476 781 3537 l
814 3474 910 3552 dum
925 3472 1078 3582 despicis
1090 3500 1233 3572 omnes,

289 3617 475 3725 Dumque
493 3614 561 3694 tibi
579 3613 632 3693 est
650 3613 736 3692 odio
754 3640 840 3693 mea
851 3611 984 3709 fistula,
998 3613 1167 3722 dumque
1181 3609 1355 3723 capellae,

288 3757 563 3865 Hirsutumque
575 3752 824 3865 supercilium,
843 3750 1060 3864 prolixaque
1072 3751 1210 3835 barba:

265 3929 266 3932 ¹
288 3899 376 3979 Nec
396 3924 522 3976 curare
541 3896 656 3975 deum
669 3895 787 3976 credis
803 3894 972 3976 mortalia
989 3920 1218 4004 quenquam,
1297 3921 1319 4004 3
1328 3918 1352 4004 ς

179 4118 185 4130 ,
289 4036 418 4146 Incipe
436 4035 643 4117 Maenalios
661 4063 828 4138 mecum,
848 4060 933 4116 mea
944 4032 1046 4132 tibia,
1057 4031 1197 4116 versus.

132 4226 135 4231 -
291 4176 444 4287 Sepibus
461 4175 501 4256 in
514 4176 645 4257 nostris
664 4201 818 4288 parvam
830 4191 866 4258 te
878 4172 1017 4259 roscida
1037 4169 1151 4274 mala,
1231 4266 1234 4271 ,
1343 4232 1348 4239 -

1247 4307 1359 4418 (Dux
