2940 5190
284 327 385 425 106
541 321 873 421 P.Vrnsrr.rr
907 320 1189 459 Maronis

277 814 395 896 Urbis
405 812 560 913 habent,
573 808 795 919 magnisque
807 809 950 920 agihnt
963 811 1031 893 sub
1044 812 1363 925 legibusaevnm3

276 953 332 1038 Et
349 949 510 1067 patriam
525 950 638 1051 sohe,
669 966 1183 1064 mantnanoverepenates3
1279 991 1363 1078 155

274 1094 542 1209 thuraeque
558 1091 709 1204 hyemis
728 1121 929 1192 memores,
961 1094 1096 1180 aestate
1111 1097 1286 1185 laborem
1462 1178 1467 1195 ,

272 1233 544 1349 Εκμῐὶιιηίιπ,
574 1252 614 1317 et
629 1234 671 1316 in
687 1232 861 1315 medium
877 1235 1040 1344 quaefita
1053 1259 1256 1349 reponunt.

274 1379 460 1490 Namque
471 1379 564 1460 aliae
578 1377 680 1458 vinu
692 1373 900 1484 invigilant,
931 1394 970 1458 et
988 1376 1139 1464 fondere
1158 1387 1271 1493 pallio

272 1502 509 1603 Exercentur
524 1517 646 1630 agris:
677 1543 768 1626 pars,
776 1519 872 1599 intra
885 1517 986 1629 septa
1000 1521 1208 1606 domorum

272 1659 437 1743 Narciffi
448 1660 670 1770 lacrymam,
689 1677 729 1739 et
741 1656 889 1740 lentum
902 1660 951 1741 de
961 1665 1101 1745 cortice
1113 1665 1259 1775 gluten,
1278 1674 1357 1759 160

271 1799 404 1884 Prirna
416 1801 511 1884 savis
526 1816 673 1912 penum
684 1797 908 1880 fundamina
921 1839 934 1897 3
966 1801 1104 1885 deinde
1121 1822 1268 1890 tenaces

189 1966 194 1979 ’
273 1942 512 2053 Suspendunt
528 1968 643 2026 cerm.
673 1939 781 2039 aliae,
812 1941 918 2050 spem
936 1945 1069 2050 gentis,
1097 1946 1245 2029 adultos

175 2199 176 2202 p
271 2082 454 2168 Educunt
469 2082 617 2167 foetus:
648 2080 741 2163 aliae
758 2081 951 2190 puriffima
963 2082 1079 2166 mella

271 2228 430 2340 Stipant,
463 2245 502 2308 et
520 2225 666 2335 liquido
686 2224 902 2306 distendunt
918 2228 1067 2308 nectare
1084 2227 1209 2314 cellas.

270 2366 380 2467 Sunt,
409 2368 547 2480 quibus
564 2367 613 2447 ad
632 2385 756 2477 portas
773 2366 910 2448 cecidit
924 2365 1092 2450 custodia
1111 2371 1219 2453 sorti:
1269 2376 1320 2458 16
1328 2398 1353 2486 ς

268 2508 394 2618 Inque
411 2509 535 2590 vicem
547 2507 783 2619 speculantur
799 2534 913 2618 aquas
930 2524 969 2589 et
988 2510 1119 2591 nubila
1135 2512 1245 2610 coeli,

269 2649 354 2739 Aut
366 2675 480 2731 onera
491 2649 682 2760 accipiunt
697 2649 930 2744 venientum,
961 2667 1025 2729 aut
1040 2652 1191 2760 agmine
1204 2652 1306 2734 sacto

267 2791 457 2902 Ignavum
469 2789 578 2874 fucos
599 2816 747 2902 perusa
764 2789 997 2902 praesepibus
1014 2813 1152 2876 arcent

265 2933 402 3016 Fervet
411 2962 519 3046 opus,
547 2933 788 3044 redolentque
801 2931 938 3043 thymo
951 2933 1150 3044 fragrantia
1161 2935 1289 3019 mella.

239 3032 330 3155 llle
343 3075 460 3156 veluti
471 3074 580 3156 lentis
593 3073 779 3183 Cyclopes
793 3072 955 3154 fulmina
968 3075 1091 3155 maflis
1269 3101 1349 3190 170

266 3212 372 3295 Cum
390 3231 615 3325 properant,
646 3212 710 3293 alii
725 3213 878 3293 taurinis
890 3211 1043 3294 follibus
1061 3240 1166 3295 auras

180 3458 184 3463 1
264 3352 473 3464 Accipiunt
485 3352 747 3461 redduntque:
788 3350 850 3431 alii
864 3350 1054 3431 stridentia
1067 3353 1218 3460 tingunt

265 3495 367 3577 Aera
382 3493 493 3575 lacu:
525 3491 644 3603 gemit
661 3491 841 3600 impofitis
859 3491 1058 3573 incudibus
1079 3495 1216 3606 Aetna.

262 3631 329 3716 llll
343 3632 440 3717 inter
459 3632 532 3715 sese
550 3659 689 3741 magna
707 3631 745 3712 vi
763 3628 916 3713 brachia
932 3628 1071 3712 tollunt

237 3778 243 3783 '
261 3775 526 3858 innumerum
536 3814 549 3874 ;
561 3772 777 3884 versantque
789 3773 910 3856 tenaci
923 3771 1066 3882 forcipe
1079 3769 1239 3880 ferrum,
1261 3799 1313 3889 17
1319 3797 1344 3886 ς

261 3913 358 3997 Non
377 3915 481 3999 aliter
498 3915 528 3997 li
546 3943 659 4026 parva
671 3914 758 3997 licet
776 3939 1005 4026 componere
1023 3910 1184 4022 magnis,

114 4030 122 4039 ⁶
261 4057 461 4170 Cecropias
480 4060 627 4145 innatus
639 4085 727 4169 apes
739 4085 847 4139 amor
865 4072 974 4167 urget
990 4051 1169 4153 habendi,

260 4198 425 4285 Munere
445 4227 638 4315 quamque
653 4197 733 4323 suo,
763 4197 981 4312 grandaevis
996 4197 1138 4326 qppida
1155 4196 1283 4299 curae,
