2940 5190
7 3936 38 4077 f,

282 360 315 465 6
461 371 514 466 Ρ.
547 373 820 468 Vnorsn
854 373 1137 503 Mauortis

284 569 1243 685 Moeumuminsylvisimnauaeuamemdm

284 711 1191 834 Panprimuscalamosoeraooujungereplures

287 852 822 953 InffinritzPancuntove,
851 855 1285 971 oviunuqnemgistma

289 991 1171 1108 Nectcpoenitoetmlamotriviffelahellum.

289 1133 1357 1258 Hmmmsnaqfflnonfaeiehesmynnsr„
1441 1234 1448 1249 ,

289 1276 1209 1388 Estmihidisparibusseptemcompafficicutis

138 1436 141 1441 ’
289 1419 447 1519 Filbsla,
472 1420 677 1500 Damoetas
693 1416 905 1499 donomihi
924 1447 1044 1529 quam
1060 1420 1165 1504 dedit
1182 1424 1299 1509 olim:

292 1558 349 1641 Et
361 1557 472 1658 dixit,
492 1559 676 1643 moriens:
706 1558 770 1641 Te
787 1586 889 1638 nunc
906 1556 1020 1641 habet
1033 1559 1343 1649 iltasecundm

293 1700 408 1783 Dixit
419 1703 648 1787 Damoetas:
679 1701 813 1782 invidit
830 1699 964 1783 stulms
980 1702 1178 1810 Amyntas.

293 1839 487 1924 Praeterea
502 1838 593 1939 duo,
624 1868 696 1922 nec
712 1858 792 1920 tuta
808 1838 907 1921 mihi
924 1839 1019 1922 valle
1030 1843 1165 1954 reperti
1301 1874 1362 1956 40

295 1981 486 2094 capreoli,
516 1979 642 2091 sparfis
654 1982 769 2064 etiam
788 2007 890 2064 nunc
903 1980 1064 2091 pellibus
1079 1982 1180 2084 albo,

295 2123 394 2209 Bina
408 2123 470 2207 die
483 2121 619 2204 fieesnt
635 2123 716 2204 ovis
733 2122 869 2205 ubera:
901 2151 999 2231 quos
1017 2122 1087 2203 tibi
1104 2123 1218 2209 servo

295 2264 535 2378 Jampridem
549 2291 646 2345 ame
657 2261 741 2345 illos
757 2262 942 2345 abducere
955 2260 1148 2373 Thestylis
1159 2282 1260 2347 oratz

296 2407 352 2489 Et
361 2407 493 2493 facietz
523 2405 707 2514 quoniam
724 2404 870 2486 sordent
890 2404 959 2486 tibi
976 2431 1134 2487 munera
1150 2405 1284 2488 noſtra.

294 2548 392 2630 Huc
404 2544 503 2645 ades,
534 2575 560 2626 o
573 2545 735 2627 formose
752 2521 870 2656 puer:
900 2544 1063 2643 tibililia
1076 2544 1196 2657 plenis
1300 2574 1357 2655 45

296 2686 400 2772 Ecce
417 2686 543 2770 ferunt
558 2682 768 2797 Nymphae
784 2682 957 2770 calathis:
988 2683 1057 2765 tibi
1077 2688 1234 2769 candida
1250 2688 1349 2769 Nais

131 2868 134 2875 ·
297 2825 484 2912 Pallentes
496 2822 609 2908 violat
626 2844 664 2907 et
676 2826 824 2909 summa
841 2851 1022 2934 papavera
1034 2852 1200 2934 carpens,

299 2969 517 3053 Narciffum
532 2985 571 3048 et
588 2964 722 3049 florem
733 2965 858 3075 jungit
869 2965 965 3045 bene
978 2963 1110 3046 olentis
1125 2963 1264 3050 anethi.

146 3107 150 3115 ’
299 3103 425 3204 Tum,
443 3106 548 3207 cafia,
580 3124 690 3215 atque
709 3105 788 3187 aliis
800 3106 968 3184 intexens
981 3102 1149 3185 suavibus
1167 3103 1303 3202 herbis,

300 3245 441 3330 Mollia
452 3244 589 3326 luteola
600 3244 721 3355 pingit
737 3243 902 3325 vaccinia
919 3240 1054 3330 caltha.
1309 3266 1365 3355 50
1389 3224 1392 3231 ¹

300 3380 386 3497 lpse
404 3413 475 3496 ego
492 3412 584 3470 cana
600 3385 724 3491 legam
738 3402 865 3468 tenera
882 3380 1056 3490 lanugine
1070 3379 1184 3480 mala,

300 3527 569 3636 castaneasque
586 3553 714 3624 nuces,
742 3553 828 3611 mea
846 3551 936 3632 quas
953 3522 1158 3632 Amaryllis
1177 3520 1337 3610 amabat.

298 3664 457 3764 Addam
465 3692 568 3747 cerea
579 3691 715 3774 pruna:
728 3681 765 3746 et
772 3660 894 3749 honos
901 3661 969 3750 erit
976 3659 1067 3749 huic
1075 3688 1229 3771 quoque
1236 3687 1368 3779 poma
1390 3660 1393 3665 ’

300 3802 354 3892 Et
372 3831 449 3903 vos,
488 3803 635 3901 olauti,
664 3831 829 3914 carpam,
857 3819 895 3887 et
906 3819 955 3897 te,
984 3800 1157 3910 proxima
1171 3816 1307 3908 myne,
1353 3910 1361 3920 ἢ

302 3945 710 4056 Sicposstaequoniam
731 3944 856 4026 suaves
870 3941 1030 4023 miscetis
1045 3941 1188 4022 odores.
1312 3967 1336 4051 5
1343 3967 1367 4052 5

299 4082 475 4173 Rusticus
495 4111 545 4180 es,
575 4085 765 4193 Corydon,
794 4110 865 4163 nec
878 4108 1036 4181 munera
1052 4099 1157 4163 curat
1173 4077 1329 4175 Alexis:

75 4220 282 4549 η
297 4216 386 4323 Nec
405 4222 432 4314 st
449 4223 668 4316 muneribus
690 4241 819 4329 certes,
855 4222 1038 4313 concedat
1062 4218 1174 4314 Iolas.
1293 4346 1295 4353 Ι

298 4412 316 4457 .··
1005 4460 1007 4463 ¹
1261 4354 1381 4459 Helii

223 4624 247 4707 sl

159 4728 385 4872 A...
