2940 5190
375 368 963 466 Anurruos.L1s.1.
1119 404 1254 502 125-

157 571 244 652 Nec
262 569 359 681 pqsse
379 570 484 650 Italia
504 573 741 654 Teucrorum
757 591 916 652 avertere
933 579 1083 680 regem?

52 793 59 801 ,
157 711 310 820 Qrippe
327 730 429 791 vetor
447 708 541 794 fatis.
602 710 765 791 Pallasne
783 738 934 793 exurere
951 712 1100 796 classem

157 851 355 961 Argivum,
387 868 497 959 atque
516 850 611 960 ipsos
624 851 747 959 potuit
760 848 993 960 submergere
1007 873 1136 963 ponto,

158 991 280 1072 Unius
294 991 344 1074 ob
365 1017 505 1070 noxam
522 1009 560 1071 et
576 988 687 1069 furias
705 990 829 1096 Ajacis
848 990 978 1075 Oilei?
1160 1024 1188 1105 4
1194 1024 1217 1110 5

159 1131 252 1240 lpsa,
284 1131 386 1235 Jovis
403 1130 576 1237 rapidum
589 1126 747 1235 jaculata
765 1157 786 1207 e
804 1129 965 1210 nubibus
978 1131 1120 1240 ignem,

160 1268 387 1376 Disjecitque
404 1285 508 1364 rates,
538 1266 739 1375 evertitque
755 1293 913 1375 aequora
925 1270 1061 1354 ventis:

161 1407 277 1486 Illum
297 1408 526 1516 expirantem
545 1405 721 1487 transfixo
737 1410 885 1515 pedore
900 1407 1071 1492 flammas

161 1550 333 1653 Turbine
351 1549 538 1658 corripuit,
569 1548 796 1658 scopuloque
814 1549 936 1631 infixit
951 1571 1072 1639 acuto.

162 1687 233 1768 Ast
248 1716 332 1797 ego,
365 1716 460 1799 quae
475 1687 605 1769 divum
618 1689 750 1769 incedo
765 1689 901 1799 regina,
932 1692 1108 1801 Jovisque
1164 1721 1220 1806 50

162 1829 213 1908 Et
231 1827 330 1909 soror
344 1846 381 1909 et
400 1828 552 1936 conjux,
583 1855 767 1909 unacum
786 1846 894 1937 gente
908 1846 963 1910 tot
980 1859 1096 1913 annos

163 1965 264 2046 Bella
281 1996 369 2077 gero
386 1998 396 2049 :
426 1985 464 2049 et
476 1967 673 2075 quisquam
690 1995 831 2050 numen
844 1968 1001 2074 Junonis
1018 1970 1145 2051 adorat

163 2102 362 2203 Praeterea,
393 2125 457 2186 aut
474 2103 627 2213 supplex
644 2103 714 2183 aris
730 2104 899 2213 imponet
915 2104 1122 2189 honorem?

165 2245 275 2326 Talia
292 2244 484 2325 flammato
504 2245 630 2323 secum
646 2245 716 2322 dea
732 2242 843 2322 corde
856 2245 1035 2341 volutans,

160 2384 401 2465 Nimborum
413 2384 452 2461 in
466 2381 634 2492 patriam,
668 2379 749 2461 loca
757 2379 856 2462 foeta
866 2381 1072 2465 furentibus
1084 2383 1223 2482 austris,

163 2520 339 2602 Aeoliam
359 2519 469 2602 venit.
500 2518 564 2599 hic
581 2520 682 2599 vasto
695 2546 761 2599 rex
772 2519 913 2600 Aeolus
929 2538 1033 2602 antro
1167 2526 1222 2635 56

164 2661 364 2740 Ludtantes
375 2675 502 2738 ventos
516 2657 728 2768 tempestate
771 2685 817 2738 ue
834 2657 978 2741 sonoras

165 2801 330 2908 Imperio
347 2798 497 2909 premit,
528 2827 572 2879 ac
590 2658 779 2889 vinclisdlt
794 2826 937 2880 carcere
953 2800 1085 2881 frenat.

166 2939 227 3019 Illi
245 2939 473 3049 indignantes
488 2966 626 3047 magno
639 2965 731 3020 cum
745 2967 939 3020 murmure
958 2941 1109 3042 montis,

166 3080 323 3161 Circum
332 3075 486 3158 claustra
497 3076 677 3162 fremunt.
692 3075 787 3158 celsa
797 3075 895 3159 sedet
905 3077 1047 3160 Aeolus
1057 3105 1152 3175 arce,
1169 3084 1225 3164 60

168 3222 316 3330 Sceptra
332 3236 472 3315 tenens,
502 3218 699 3325 mollitque
714 3217 871 3318 animos,
902 3237 939 3299 et
953 3219 1226 3341 temperatiras.

121 3374 123 3378 ’
167 3352 223 3439 Ni
240 3358 361 3456 faciat,
393 3358 509 3438 maria
525 3385 569 3438 ac
582 3376 693 3439 terras
710 3357 935 3468 coelumque
951 3357 1184 3468 profundum

169 3498 320 3608 Quippe
334 3495 451 3577 serant
469 3497 586 3605 rapidi
602 3496 740 3594 secum,
771 3515 993 3607 verrantque·
1005 3523 1070 3606 per
1086 3522 1202 3578 auras.

170 3635 241 3714 Sed
260 3652 361 3743 pater
378 3634 614 3743 omnipotens
633 3634 812 3745 speluncis
829 3636 971 3717 abdidit
984 3635 1082 3733 atris,

170 3772 258 3851 Hoc
270 3791 457 3853 metucns:
478 3774 696 3881 molemque
704 3791 741 3852 et
752 3793 897 3853 montes
911 3773 1056 3880 insuper
1068 3771 1160 3851 altos
1172 3771 1197 3853 6
1204 3796 1228 3882 5

169 3910 363 4021 imposuit,
396 3940 596 4022 regemque
610 3913 725 4010 dedit,
757 3913 823 4022 qui
840 3911 988 3992 foedere
1005 3928 1106 3992 certo

171 4053 222 4131 Et
239 4082 419 4162 premere,
450 4072 487 4134 et
508 4056 608 4136 laxas
629 4056 735 4136 sciret
751 4056 836 4136 dare
848 4054 964 4164 jussus
982 4051 1154 4137 habenas.

171 4192 234 4272 Ad
257 4218 373 4304 quem
391 4210 474 4277 tum
487 4192 588 4300 Juno
608 4191 764 4313 supplex
779 4191 837 4277 his
858 4194 1011 4277 vocibus
1027 4191 1089 4274 usa
1107 4189 1185 4272 est:

1104 4324 1236 4427 Aeole,
