2940 5190
291 410 354 479 10
460 366 1146 474 Psvncnnntnaoms
1247 398 1249 402 ’

281 586 365 668 ΡΑ.
394 582 546 665 Dicite:
578 566 887 690 quandoquidem
916 578 958 659 in
976 579 1086 661 molli
1120 580 1358 670 consedimut'

348 724 355 729 ’
465 718 608 802 herba:
1296 756 1321 838 5
1327 756 1353 839 5

278 858 332 942 Et
345 888 448 940 nunc
461 857 585 938 omnis
602 884 701 967 ager,
720 884 823 939 nunc
838 859 962 940 omnis
980 859 1135 968 parturit
1150 861 1279 946 arbos:

277 1002 323 1084 N
325 1031 399 1085 unc
414 1000 590 1084 frondent
603 999 737 1108 sylvae,
759 998 1157 1084 nuncfonnofillimus
1175 1031 1305 1088 annus.

216 1213 218 1217 .
275 1142 421 1251 Incipe,
437 1142 648 1224 Damoeta:
679 1157 724 1219 tu
735 1139 870 1220 deinde
886 1138 1049 1249 sequere,
1069 1140 1261 1235 Menalca.

276 1280 442 1363 Alternis
457 1279 611 1363 dicetis:
642 1296 771 1360 amant
784 1277 923 1360 alterna
939 1280 1140 1363 Camenae.

203 1492 206 1497 .
276 1419 409 1501 ΒΑΜ.
439 1419 507 1499 Ab
526 1419 622 1524 Jove
638 1417 881 1530 principium,
910 1418 1069 1503 Musae:
1101 1420 1351 1526 Jovisomnia

458 1555 596 1666 plena:
1201 1603 1203 1607 ¹
1289 1566 1348 1645 60

273 1693 345 1776 Ille
361 1692 453 1775 colit
470 1713 595 1794 terras,
613 1693 669 1775 illi
689 1721 775 1775 mea
791 1692 958 1776 ourmina
974 1723 1097 1777 curae⁰

273 1832 370 1914 Ma.
403 1834 455 1913 Et
479 1860 544 1915 me
563 1831 739 1915 Phoebus
768 1848 897 1917 amat:
936 1831 1094 1947 Phoebo
1113 1834 1178 1916 sua
1203 1837 1350 1949 semper

289 2028 299 2065 z
457 1972 558 2083 apud
576 2000 641 2055 me

270 2109 437 2193 Munera
463 2112 558 2213 sunt,
578 2112 684 2212 lausi,
701 2128 741 2193 et
755 2110 863 2193 suave
877 2111 1013 2194 rubens
1031 2110 1268 2223 hyacinthus.

269 2253 405 2342 ΒΑΜ.
436 2255 549 2337 Malo
578 2283 644 2338 me
662 2253 824 2335 Galata·
835 2253 942 2362 petit,
959 2253 1090 2342 lasciva
1105 2256 1250 2366 puella:

270 2393 323 2475 Et
339 2394 437 2500 fugit
451 2394 500 2475 ad
519 2393 656 2491 salices,
671 2412 708 2475 et
726 2394 764 2474 se
783 2393 889 2502 cupit
901 2411 987 2474 ante
1001 2393 1129 2479 videti.
1284 2402 1310 2482 6
1317 2425 1342 2509 5

269 2533 464 2614 Mau.At
478 2532 576 2615 mihi
588 2535 660 2616 sese
674 2532 784 2614 offert
797 2531 897 2614 ultro
912 2560 1021 2614 meus
1030 2535 1125 2642 ignis
1136 2537 1343 2644 Amyntas:

267 2671 409 2783 Notior
428 2691 471 2754 ut
482 2673 566 2783 jam
586 2674 631 2755 fit
647 2673 802 2754 canibus
818 2698 897 2753 non
909 2670 1021 2753 Delia
1036 2671 1182 2753 nostris.

267 2789 476 2897 ΒΑΜ
488 2841 595 2895 meae
603 2813 741 2895 Veneri
756 2811 1024 2893 suntmunera:
1043 2838 1210 2922 namque
1217 2817 1344 2899 notavi

165 3045 168 3053 ,
267 2950 351 3063 Ipse
365 2953 507 3053 locum,
520 2955 639 3037 alinae
652 2982 731 3064 quo
748 2947 957 3060 congessere
971 2950 1182 3060 palumbes.

265 3089 394 3187 Mon.
411 3093 528 3201 QOd
535 3095 651 3203 potui,
659 3120 776 3203 puero
783 3088 947 3201 sylvestri
963 3116 1012 3171 ex
1019 3089 1149 3173 arbore
1168 3089 1263 3173 lecu
1279 3121 1338 3208 70

266 3229 394 3317 Aurea
410 3230 510 3313 nula
523 3231 656 3323 decem
673 3211 770 3331 mifi,
784 3257 863 3313 cras
881 3227 994 3313 altera
1008 3229 1171 3337 nuttam.

265 3366 399 3466 Dant.
431 3372 469 3449 O
482 3373 640 3481 quoties,
663 3389 703 3452 et
713 3397 810 3480 quae
825 3366 933 3449 nobis
946 3366 1102 3450 Galatoa
1123 3368 1248 3452 locuta
1260 3370 1338 3454 estl

264 3509 416 3591 Partem
434 3510 614 3621 aliquam,
629 3512 743 3610 venti,
757 3511 891 3593 divum
908 3507 1074 3592 referatis
1093 3510 1141 3593 ad
1158 3538 1275 3594 aures.

264 3650 393 3738 Mau.
409 3653 514 3764 Qid
532 3654 693 3764 prodest,
712 3653 816 3763 quod
833 3680 898 3735 me
909 3651 984 3762 ipse
1001 3653 1130 3737 animo
1142 3676 1220 3736 non
1237 3653 1340 3762 sper·

425 3887 426 3890 Ν
447 3796 516 3894 nis,
532 3799 716 3906 Amynta,
865 3874 868 3879 ⁴

264 3930 314 4030 Si,
335 3931 431 4012 dum
448 3950 490 4014 tu
506 3934 649 4043 sectaris
670 3961 788 4042 apros,
807 3960 878 4041 ego
891 3931 980 4012 retia
996 3931 1129 4015 servo?
1275 3962 1302 4046 χ
1309 3960 1344 4045 5.

262 4071 394 4203 Dana.
411 4071 586 4181 Phyllida
604 4074 712 4166 mitte
730 4071 853 4154 mihi:
886 4100 993 4154 meus
1014 4072 1068 4154 est
1088 4070 1336 4173 natalis,Iola.

229 4324 234 4333 .
263 4212 366 4329 Qum
378 4212 521 4310 *faciam
534 4213 649 4327 vitula
665 4241 735 4335 pro
753 4211 937 4324 frugibus,
956 4212 1031 4325 ipse
1045 4215 1181 4299 venito.

1204 4353 1332 4436 Mau.
