2940 5190
337 372 699 466 Aruernos.
735 367 973 466 L11.1V.'
1083 362 1225 499 εις.

112 568 318 680 Postquam
344 572 488 681 primus
504 599 609 652 amor
628 571 824 682 deceptam
840 570 960 655 morte
977 568 1130 670 fefellit;
1173 580 1177 587 '

110 709 149 790 Si
164 736 240 791 non
255 709 462 820 pertaesum
476 706 632 791 thalami
657 711 860 818 taedaeque
873 709 994 791 fuiffet
1004 751 1018 807 ς

109 847 216 928 Huic
235 848 302 929 uni
316 848 437 931 forsan
455 850 561 959 potui
579 847 819 929 succumbere
833 849 977 959 culpae.

107 985 234 1087 Anna,
252 984 396 1067 fatebor
415 986 530 1083 enim,
550 986 673 1067 miseri
690 988 773 1097 post
786 985 861 1066 fata
874 984 1019 1066 Sichaei
1121 999 1179 1069 ad

108 1123 301 1234 Conjugis,
327 1143 364 1205 et
381 1125 517 1234 sparsos
534 1122 692 1205 fraterna
711 1123 823 1205 caede
843 1125 1010 1224 Penates,

109 1263 218 1347 Solus
242 1263 305 1347 hic
323 1263 468 1346 inflexit
481 1264 615 1361 sensus,
641 1265 889 1374 animumque
910 1262 1099 1344 labantem

111 1404 282 1515 Impulit.
310 1405 468 1513 agnosco
490 1406 620 1486 veteris
638 1405 789 1515 vestigia
808 1405 997 1490 flammae.
1171 1410 1175 1416 ’

110 1542 184 1622 Sed
210 1540 307 1622 mihi
324 1542 383 1623 vel
401 1542 510 1624 tellus
524 1560 652 1653 optem
669 1546 771 1655 prius
788 1543 866 1625 ima
881 1541 1057 1647 dehiscat,

108 1681 185 1764 Vel
197 1702 298 1793 pater
311 1685 547 1794 omnipotens
564 1685 687 1794 adigat
697 1713 760 1766 me
772 1684 932 1767 fulmine
949 1685 997 1765 ad
1014 1683 1178 1792 umbrasj

109 1822 292 1907 Pallentes
310 1827 461 1908 umbras
477 1825 603 1926 Erebi,
618 1829 845 1936 noctemque
857 1826 1098 1936 prohindam,
1119 1824 1179 1906 26

108 1962 210 2044 Ante
235 1963 357 2074 pudor
371 1991 489 2074 quam
516 1983 553 2045 te
570 1965 683 2066 violo,
708 1983 772 2047 aut
783 1984 846 2046 tua
865 1969 947 2074 jura
963 1965 1117 2050 resolvo.

109 2099 180 2181 Ille
205 2129 323 2199 meos,
353 2105 496 2212 primus
522 2104 588 2212 qui
606 2131 669 2184 me
686 2104 753 2183 fibi
766 2104 905 2210 junxit,
926 2132 1072 2186 amores

109 2237 289 2324 Abstulit.
322 2241 384 2321 ille
403 2239 539 2323 habeat
554 2242 693 2340 secum,
718 2241 907 2349 servetque
924 2240 1104 2352 sepulcro.
1174 2268 1178 2275 ·

113 2380 173 2461 Sic
186 2378 297 2461 effata
311 2380 434 2461 finum
454 2382 628 2491 lacrymis
640 2381 809 2490 implevit
820 2380 971 2465 obortis.
1123 2382 1180 2489 30'

111 2525 226 2603 Anna
244 2520 382 2604 refert:
412 2552 437 2604 o
454 2523 537 2604 luce
555 2523 674 2633 magis
689 2524 822 2604 dilecta
836 2522 962 2623 sorori,

113 2663 247 2744 Solane
271 2682 635 2781 perpetuaumoercns
648 2667 982 2776 carpetejuventa?

115 2802 202 2883 Nec
219 2802 347 2883 dulces
373 2824 490 2902 natos,
508 2805 663 2885 Veneris
680 2832 750 2885 nec
768 2805 931 2914 praemia
947 2803 1075 2884 noris?

115 2941 162 3024 ld
180 2942 345 3023 cinerem
365 2963 429 3024 aut
445 2973 572 3026 manes
596 2946 714 3026 credis
737 2972 868 3025 curare
889 2943 1077 3054 sepultos?
1145 2997 1147 3001 Α

117 3078 231 3160 Esto:
262 3108 415 3189 aegram
432 3082 525 3162 nulli
540 3083 731 3191 quondam
757 3081 892 3161 flexere
912 3082 1034 3161 mariti
1049 3118 1062 3177 3
1126 3104 1180 3192 35

116 3220 210 3299 Non
223 3217 380 3327 Libyae,
399 3247 475 3300 non
494 3237 578 3300 ante
601 3222 734 3329 Tyro:
765 3219 955 3328 despectus
976 3219 1113 3318 Iarbas,
1172 3285 1180 3295 .

118 3355 375 3467 Dutloresque
393 3358 467 3456 alii,
486 3385 580 3468 quos
594 3356 723 3438 Africa
736 3375 830 3437 terra
845 3355 1050 3465 triumphis

119 3497 235 3577 Dives
252 3497 328 3579 alit.
356 3496 539 3607 placitone
560 3499 674 3577 etiam
696 3496 876 3605 pugnabis
889 3497 1035 3578 amori?

121 3638 164 3717 N
166 3664 209 3718 ec
222 3640 322 3718 venit
340 3641 380 3720 in
399 3658 569 3722 mentem
582 3665 745 3747 quorum
757 3637 960 3718 consederis
973 3635 1093 3715 arvis?

122 3778 227 3859 Hinc
241 3778 401 3860 Getulae
420 3781 541 3880 urbes,
557 3804 673 3888 genus
686 3774 925 3885 insuperabile
943 3772 1056 3883 bello,⁴
1127 3800 1185 3877 40

121 3920 175 3999 Et
191 3916 386 3999 Numidae
409 3918 565 4001 infraeni
582 3919 750 4026 cingunt,
772 3933 809 3994 ct
828 3911 1007 4023 inhospita
1030 3913 1170 4022 Syrtis;

123 4058 230 4138 Hinc
246 4056 384 4139 deserta
400 4058 457 4138 siti
475 4060 590 4168 regio,
607 4057 753 4164 lateque
769 4053 930 4134 furentes

124 4197 287 4288 Barcaei,
318 4197 524 4310 quid'bella
545 4193 855 4307 Tyro‘surgentia
872 4193 1011 4292 dicam,

230 4357 236 4369 “
298 4359 302 4365 ’
615 4334 648 4417 Ρ
679 4364 703 4451 3
937 4331 1196 4448 Germanique
