<?xml version="1.0" encoding="UTF-8"?>
<!DOCTYPE html PUBLIC "-//W3C//DTD XHTML 1.0 Transitional//EN"
    "http://www.w3.org/TR/xhtml1/DTD/xhtml1-transitional.dtd">
<html xmlns="http://www.w3.org/1999/xhtml" xml:lang="en" lang="en">
 <head>
  <title>
</title>
<meta http-equiv="Content-Type" content="text/html;charset=utf-8" />
  <meta name='ocr-system' content='tesseract 3.04.00' />
  <meta name='ocr-capabilities' content='ocr_page ocr_carea ocr_par ocr_line ocrx_word'/>
</head>
<body>
  <div class='ocr_page' id='page_1' title='image "./publiivirgiliim01schegoog/publiivirgiliim01schegoog_0260.png"; bbox 0 0 2940 5190; ppageno 0'>
   <div class='ocr_carea' id='block_1_1' title="bbox 351 342 1196 484">
    <p class='ocr_par' dir='ltr' id='par_1_1' title="bbox 351 342 1196 484">
     <span class='ocr_line' id='line_1_1' title="bbox 351 342 1196 484; baseline -0.017 -36"><span class='ocrx_word' id='word_1_1' title='bbox 351 342 715 447; x_wconf 75' lang='lat' dir='ltr'>Annei-nos.</span> <span class='ocrx_word' id='word_1_2' title='bbox 750 349 956 446; x_wconf 82' lang='lat' dir='ltr'>Lru.Il.</span> <span class='ocrx_word' id='word_1_3' title='bbox 1100 357 1196 484; x_wconf 75' lang='lat'>¹⁶9</span> 
     </span>
    </p>
   </div>
   <div class='ocr_carea' id='block_1_2' title="bbox 134 550 1304 1919">
    <p class='ocr_par' dir='ltr' id='par_1_2' title="bbox 134 550 1304 1919">
     <span class='ocr_line' id='line_1_2' title="bbox 135 550 1304 667; baseline -0.003 -26"><span class='ocrx_word' id='word_1_4' title='bbox 135 561 188 641; x_wconf 91' lang='lat' dir='ltr'>Et</span> <span class='ocrx_word' id='word_1_5' title='bbox 200 554 341 667; x_wconf 87' lang='lat' dir='ltr'>gemini</span> <span class='ocrx_word' id='word_1_6' title='bbox 352 554 517 654; x_wconf 88' lang='lat' dir='ltr'>Atridae,</span> <span class='ocrx_word' id='word_1_7' title='bbox 537 550 809 661; x_wconf 84' lang='lat' dir='ltr'><strong>Dolopumque</strong></span> <span class='ocrx_word' id='word_1_8' title='bbox 825 555 1007 636; x_wconf 87' lang='lat' dir='ltr'>exercitus</span> <span class='ocrx_word' id='word_1_9' title='bbox 1022 556 1160 644; x_wconf 80' lang='lat' dir='ltr'>omnis.</span> <span class='ocrx_word' id='word_1_10' title='bbox 1297 616 1304 637; x_wconf 86' lang='grc'><strong><em>,</em></strong></span> 
     </span>
     <span class='ocr_line' id='line_1_3' title="bbox 136 691 1003 808; baseline -0.005 -28"><span class='ocrx_word' id='word_1_11' title='bbox 136 698 292 780; x_wconf 84' lang='lat' dir='ltr'>Adverfi</span> <span class='ocrx_word' id='word_1_12' title='bbox 312 716 423 808; x_wconf 88' lang='lat' dir='ltr'>rupto</span> <span class='ocrx_word' id='word_1_13' title='bbox 439 724 510 776; x_wconf 90' lang='lat' dir='ltr'>ceu</span> <span class='ocrx_word' id='word_1_14' title='bbox 528 693 721 802; x_wconf 89' lang='lat' dir='ltr'>quondam</span> <span class='ocrx_word' id='word_1_15' title='bbox 736 691 884 774; x_wconf 86' lang='lat' dir='ltr'>turbine</span> <span class='ocrx_word' id='word_1_16' title='bbox 902 696 1003 776; x_wconf 86' lang='lat' dir='ltr'>venti</span> 
     </span>
     <span class='ocr_line' id='line_1_4' title="bbox 136 830 1151 945; baseline 0 -27"><span class='ocrx_word' id='word_1_17' title='bbox 136 835 368 945; x_wconf 88' lang='lat' dir='ltr'>Confligunt,</span> <span class='ocrx_word' id='word_1_18' title='bbox 382 831 654 944; x_wconf 74' lang='lat' dir='ltr'>zephyrisque,</span> <span class='ocrx_word' id='word_1_19' title='bbox 676 830 869 939; x_wconf 90' lang='lat' dir='ltr'>notusque,</span> <span class='ocrx_word' id='word_1_20' title='bbox 889 850 927 912; x_wconf 88' lang='lat' dir='ltr'>et</span> <span class='ocrx_word' id='word_1_21' title='bbox 943 833 1058 915; x_wconf 87' lang='lat' dir='ltr'>laetus</span> <span class='ocrx_word' id='word_1_22' title='bbox 1074 835 1151 918; x_wconf 83' lang='lat' dir='ltr'>eois</span> 
     </span>
     <span class='ocr_line' id='line_1_5' title="bbox 135 966 1118 1081; baseline 0 -26"><span class='ocrx_word' id='word_1_23' title='bbox 135 976 260 1055; x_wconf 88' lang='lat' dir='ltr'>Eurus</span> <span class='ocrx_word' id='word_1_24' title='bbox 273 975 399 1081; x_wconf 88' lang='lat' dir='ltr'>equis:</span> <span class='ocrx_word' id='word_1_25' title='bbox 432 970 590 1050; x_wconf 88' lang='lat' dir='ltr'>stridunt</span> <span class='ocrx_word' id='word_1_26' title='bbox 607 966 739 1073; x_wconf 85' lang='lat' dir='ltr'>sylvae,</span> <span class='ocrx_word' id='word_1_27' title='bbox 772 968 955 1078; x_wconf 86' lang='lat' dir='ltr'>saevitque</span> <span class='ocrx_word' id='word_1_28' title='bbox 968 971 1118 1055; x_wconf 81' lang='lat' dir='ltr'>tridenti</span> 
     </span>
     <span class='ocr_line' id='line_1_6' title="bbox 137 1108 1198 1224; baseline 0.002 -33"><span class='ocrx_word' id='word_1_29' title='bbox 137 1113 333 1224; x_wconf 81' lang='lat' dir='ltr'>Sprmeus,</span> <span class='ocrx_word' id='word_1_30' title='bbox 353 1130 464 1220; x_wconf 92' lang='lat' dir='ltr'>atque</span> <span class='ocrx_word' id='word_1_31' title='bbox 483 1111 564 1189; x_wconf 91' lang='lat' dir='ltr'>imo</span> <span class='ocrx_word' id='word_1_32' title='bbox 581 1111 729 1191; x_wconf 87' lang='lat' dir='ltr'>Nereus</span> <span class='ocrx_word' id='word_1_33' title='bbox 745 1108 819 1188; x_wconf 91' lang='lat' dir='ltr'>ciet</span> <span class='ocrx_word' id='word_1_34' title='bbox 831 1135 993 1216; x_wconf 86' lang='lat' dir='ltr'>aequora</span> <span class='ocrx_word' id='word_1_35' title='bbox 1008 1111 1140 1198; x_wconf 84' lang='lat' dir='ltr'>firndo.</span> <span class='ocrx_word' id='word_1_36' title='bbox 1187 1126 1198 1165; x_wconf 70' lang='lat'>¹·</span> 
     </span>
     <span class='ocr_line' id='line_1_7' title="bbox 135 1245 1202 1358; baseline 0.001 -27"><span class='ocrx_word' id='word_1_37' title='bbox 135 1250 334 1353; x_wconf 86' lang='lat' dir='ltr'>Illietiam‚</span> <span class='ocrx_word' id='word_1_38' title='bbox 358 1250 385 1329; x_wconf 84' lang='lat' dir='ltr'>fi</span> <span class='ocrx_word' id='word_1_39' title='bbox 405 1275 501 1358; x_wconf 92' lang='lat' dir='ltr'>quos</span> <span class='ocrx_word' id='word_1_40' title='bbox 516 1245 669 1328; x_wconf 91' lang='lat' dir='ltr'>obscura</span> <span class='ocrx_word' id='word_1_41' title='bbox 686 1248 795 1326; x_wconf 68' lang='lat' dir='ltr'>noste</span> <span class='ocrx_word' id='word_1_42' title='bbox 813 1274 880 1356; x_wconf 88' lang='lat' dir='ltr'>per</span> <span class='ocrx_word' id='word_1_43' title='bbox 896 1246 1074 1330; x_wconf 89' lang='lat' dir='ltr'>umbram</span> <span class='ocrx_word' id='word_1_44' title='bbox 1112 1271 1202 1357; x_wconf 83' lang='lat'>420</span> 
     </span>
     <span class='ocr_line' id='line_1_8' title="bbox 135 1387 1008 1497; baseline -0.007 -26"><span class='ocrx_word' id='word_1_45' title='bbox 135 1391 321 1471; x_wconf 90' lang='lat' dir='ltr'>Fudimus</span> <span class='ocrx_word' id='word_1_46' title='bbox 337 1390 486 1487; x_wconf 83' lang='lat' dir='ltr'>insrdiis,</span> <span class='ocrx_word' id='word_1_47' title='bbox 502 1405 652 1497; x_wconf 90' lang='lat' dir='ltr'>totaque</span> <span class='ocrx_word' id='word_1_48' title='bbox 665 1387 886 1497; x_wconf 82' lang='lat' dir='ltr'>agitavimus</span> <span class='ocrx_word' id='word_1_49' title='bbox 903 1388 1008 1487; x_wconf 91' lang='lat' dir='ltr'>urbe,</span> 
     </span>
     <span class='ocr_line' id='line_1_9' title="bbox 136 1529 1003 1642; baseline 0 -32"><span class='ocrx_word' id='word_1_50' title='bbox 136 1533 329 1642; x_wconf 87' lang='lat' dir='ltr'>Apparent</span> <span class='ocrx_word' id='word_1_51' title='bbox 347 1561 357 1611; x_wconf 79' lang='lat' dir='ltr'>r</span> <span class='ocrx_word' id='word_1_52' title='bbox 384 1531 496 1640; x_wconf 88' lang='lat' dir='ltr'>primi</span> <span class='ocrx_word' id='word_1_53' title='bbox 515 1529 665 1638; x_wconf 82' lang='lat' dir='ltr'>clypeos</span> <span class='ocrx_word' id='word_1_54' title='bbox 683 1530 913 1637; x_wconf 87' lang='lat' dir='ltr'>mentitaque</span> <span class='ocrx_word' id='word_1_55' title='bbox 931 1530 1003 1610; x_wconf 85' lang='lat' dir='ltr'>tela</span> 
     </span>
     <span class='ocr_line' id='line_1_10' title="bbox 135 1666 1195 1781; baseline 0 -30"><span class='ocrx_word' id='word_1_56' title='bbox 135 1671 368 1781; x_wconf 81' lang='lat' dir='ltr'>Agnoscunt,</span> <span class='ocrx_word' id='word_1_57' title='bbox 385 1686 496 1778; x_wconf 90' lang='lat' dir='ltr'>atque</span> <span class='ocrx_word' id='word_1_58' title='bbox 512 1698 577 1749; x_wconf 90' lang='lat' dir='ltr'>ora</span> <span class='ocrx_word' id='word_1_59' title='bbox 595 1669 684 1749; x_wconf 94' lang='lat' dir='ltr'>sono</span> <span class='ocrx_word' id='word_1_60' title='bbox 702 1666 881 1749; x_wconf 87' lang='lat' dir='ltr'>discordia</span> <span class='ocrx_word' id='word_1_61' title='bbox 900 1669 1053 1777; x_wconf 73' lang='lat' dir='ltr'>srgnant</span> <span class='ocrx_word' id='word_1_62' title='bbox 1189 1680 1195 1703; x_wconf 73' lang='grc'><strong>“</strong></span> 
     </span>
     <span class='ocr_line' id='line_1_11' title="bbox 134 1807 1194 1919; baseline 0.002 -29"><span class='ocrx_word' id='word_1_63' title='bbox 134 1811 242 1891; x_wconf 85' lang='lat' dir='ltr'>ilicet</span> <span class='ocrx_word' id='word_1_64' title='bbox 254 1813 449 1892; x_wconf 88' lang='lat' dir='ltr'>obruimur</span> <span class='ocrx_word' id='word_1_65' title='bbox 462 1836 640 1892; x_wconf 85' lang='lat' dir='ltr'>numero:</span> <span class='ocrx_word' id='word_1_66' title='bbox 661 1809 876 1919; x_wconf 85' lang='lat' dir='ltr'>primusque</span> <span class='ocrx_word' id='word_1_67' title='bbox 890 1807 1112 1892; x_wconf 87' lang='lat' dir='ltr'>Choroebus</span> <span class='ocrx_word' id='word_1_68' title='bbox 1184 1846 1194 1876; x_wconf 88' lang='lat'>··</span> 
     </span>
    </p>
   </div>
   <div class='ocr_carea' id='block_1_3' title="bbox 16 1952 1201 2065">
    <p class='ocr_par' dir='ltr' id='par_1_3' title="bbox 16 1952 1201 2065">
     <span class='ocr_line' id='line_1_12' title="bbox 16 1952 1201 2065; baseline 0.003 -32"><span class='ocrx_word' id='word_1_69' title='bbox 16 2041 20 2049; x_wconf 57' lang='grc'><em>,</em></span> <span class='ocrx_word' id='word_1_70' title='bbox 134 1953 288 2034; x_wconf 82' lang='lat' dir='ltr'>Penelei</span> <span class='ocrx_word' id='word_1_71' title='bbox 301 1954 429 2033; x_wconf 86' lang='lat' dir='ltr'>dextra</span> <span class='ocrx_word' id='word_1_72' title='bbox 442 1953 547 2033; x_wconf 90' lang='lat' dir='ltr'>divae</span> <span class='ocrx_word' id='word_1_73' title='bbox 561 1952 815 2059; x_wconf 87' lang='lat' dir='ltr'>armipotentis</span> <span class='ocrx_word' id='word_1_74' title='bbox 827 1952 875 2030; x_wconf 91' lang='lat' dir='ltr'>ad</span> <span class='ocrx_word' id='word_1_75' title='bbox 886 1979 991 2033; x_wconf 90' lang='lat' dir='ltr'>aram</span> <span class='ocrx_word' id='word_1_76' title='bbox 1111 1980 1166 2059; x_wconf 87' lang='lat'>42</span> <span class='ocrx_word' id='word_1_77' title='bbox 1174 1978 1201 2065; x_wconf 75' lang='grc' dir='ltr'>ς·</span> 
     </span>
    </p>
   </div>
   <div class='ocr_carea' id='block_1_4' title="bbox 80 2089 1356 4404">
    <p class='ocr_par' dir='ltr' id='par_1_4' title="bbox 80 2089 1356 4404">
     <span class='ocr_line' id='line_1_13' title="bbox 133 2089 1103 2199; baseline -0.001 -26"><span class='ocrx_word' id='word_1_78' title='bbox 133 2093 378 2173; x_wconf 74' lang='lat' dir='ltr'>procumbit:</span> <span class='ocrx_word' id='word_1_79' title='bbox 409 2092 509 2171; x_wconf 87' lang='lat' dir='ltr'>cadit</span> <span class='ocrx_word' id='word_1_80' title='bbox 525 2109 563 2170; x_wconf 90' lang='lat' dir='ltr'>et</span> <span class='ocrx_word' id='word_1_81' title='bbox 576 2089 759 2199; x_wconf 90' lang='lat' dir='ltr'>Ripheus,</span> <span class='ocrx_word' id='word_1_82' title='bbox 771 2089 990 2197; x_wconf 87' lang='lat' dir='ltr'>justiffimus</span> <span class='ocrx_word' id='word_1_83' title='bbox 1006 2119 1103 2172; x_wconf 87' lang='lat' dir='ltr'>unus</span> 
     </span>
     <span class='ocr_line' id='line_1_14' title="bbox 134 2228 1189 2338; baseline -0.002 -29"><span class='ocrx_word' id='word_1_84' title='bbox 134 2231 214 2336; x_wconf 82' lang='lat' dir='ltr'>Qi</span> <span class='ocrx_word' id='word_1_85' title='bbox 231 2230 303 2309; x_wconf 89' lang='lat' dir='ltr'>suit</span> <span class='ocrx_word' id='word_1_86' title='bbox 323 2231 532 2326; x_wconf 89' lang='lat' dir='ltr'>inTeucris,</span> <span class='ocrx_word' id='word_1_87' title='bbox 546 2248 584 2309; x_wconf 92' lang='lat' dir='ltr'>et</span> <span class='ocrx_word' id='word_1_88' title='bbox 599 2229 882 2310; x_wconf 81' lang='lat' dir='ltr'>servantissmus</span> <span class='ocrx_word' id='word_1_89' title='bbox 896 2232 1019 2338; x_wconf 89' lang='lat' dir='ltr'>aequi.</span> <span class='ocrx_word' id='word_1_90' title='bbox 1186 2228 1189 2233; x_wconf 78' lang='grc'><strong>’</strong></span> 
     </span>
     <span class='ocr_line' id='line_1_15' title="bbox 126 2368 1166 2481; baseline 0.001 -30"><span class='ocrx_word' id='word_1_91' title='bbox 126 2372 205 2451; x_wconf 90' lang='lat' dir='ltr'>Dis</span> <span class='ocrx_word' id='word_1_92' title='bbox 219 2370 323 2450; x_wconf 89' lang='lat' dir='ltr'>aliter</span> <span class='ocrx_word' id='word_1_93' title='bbox 336 2369 467 2449; x_wconf 90' lang='lat' dir='ltr'>visum.</span> <span class='ocrx_word' id='word_1_94' title='bbox 499 2387 654 2476; x_wconf 88' lang='lat' dir='ltr'>pereunt</span> <span class='ocrx_word' id='word_1_95' title='bbox 667 2368 921 2479; x_wconf 74' lang='lat' dir='ltr'>Hypanisque,</span> <span class='ocrx_word' id='word_1_96' title='bbox 934 2369 1166 2481; x_wconf 85' lang='lat' dir='ltr'>Dymasque,</span> 
     </span>
     <span class='ocr_line' id='line_1_16' title="bbox 135 2506 1188 2619; baseline 0 -29"><span class='ocrx_word' id='word_1_97' title='bbox 135 2509 287 2590; x_wconf 90' lang='lat' dir='ltr'>Confixi</span> <span class='ocrx_word' id='word_1_98' title='bbox 305 2539 326 2590; x_wconf 90' lang='lat' dir='ltr'>a</span> <span class='ocrx_word' id='word_1_99' title='bbox 344 2509 468 2589; x_wconf 88' lang='lat' dir='ltr'>sociis:</span> <span class='ocrx_word' id='word_1_100' title='bbox 489 2537 558 2589; x_wconf 88' lang='lat' dir='ltr'>nec</span> <span class='ocrx_word' id='word_1_101' title='bbox 571 2525 608 2588; x_wconf 88' lang='lat' dir='ltr'>te</span> <span class='ocrx_word' id='word_1_102' title='bbox 627 2527 689 2589; x_wconf 89' lang='lat' dir='ltr'>tua</span> <span class='ocrx_word' id='word_1_103' title='bbox 706 2507 881 2619; x_wconf 87' lang='lat' dir='ltr'>plurima,</span> <span class='ocrx_word' id='word_1_104' title='bbox 895 2506 1079 2616; x_wconf 87' lang='lat' dir='ltr'>Pantheu,</span> <span class='ocrx_word' id='word_1_105' title='bbox 1183 2518 1188 2565; x_wconf 73' lang='lat'>³</span> 
     </span>
     <span class='ocr_line' id='line_1_17' title="bbox 134 2646 1356 2762; baseline 0.009 -36"><span class='ocrx_word' id='word_1_106' title='bbox 134 2648 341 2727; x_wconf 88' lang='lat' dir='ltr'>Labentem</span> <span class='ocrx_word' id='word_1_107' title='bbox 360 2648 485 2756; x_wconf 83' lang='lat' dir='ltr'>pietas,</span> <span class='ocrx_word' id='word_1_108' title='bbox 501 2674 573 2728; x_wconf 89' lang='lat' dir='ltr'>nec</span> <span class='ocrx_word' id='word_1_109' title='bbox 589 2646 775 2758; x_wconf 87' lang='lat' dir='ltr'>Apollinis</span> <span class='ocrx_word' id='word_1_110' title='bbox 791 2646 908 2728; x_wconf 81' lang='lat' dir='ltr'>insula</span> <span class='ocrx_word' id='word_1_111' title='bbox 923 2649 1028 2732; x_wconf 84' lang='lat' dir='ltr'>texit.</span> <span class='ocrx_word' id='word_1_112' title='bbox 1074 2662 1199 2762; x_wconf 74' lang='lat'>&#39;1430</span> <span class='ocrx_word' id='word_1_113' title='bbox 1354 2653 1356 2657; x_wconf 59' lang='grc'>’</span> 
     </span>
     <span class='ocr_line' id='line_1_18' title="bbox 134 2782 1185 2903; baseline 0.002 -36"><span class='ocrx_word' id='word_1_114' title='bbox 134 2789 237 2868; x_wconf 88' lang='lat' dir='ltr'>Iliaci</span> <span class='ocrx_word' id='word_1_115' title='bbox 254 2792 404 2884; x_wconf 86' lang='lat' dir='ltr'>cineres,</span> <span class='ocrx_word' id='word_1_116' title='bbox 422 2807 460 2869; x_wconf 86' lang='lat' dir='ltr'>et</span> <span class='ocrx_word' id='word_1_117' title='bbox 477 2789 631 2869; x_wconf 89' lang='lat' dir='ltr'>flamma</span> <span class='ocrx_word' id='word_1_118' title='bbox 656 2806 822 2870; x_wconf 83' lang='lat' dir='ltr'>extrema</span> <span class='ocrx_word' id='word_1_119' title='bbox 839 2817 1027 2903; x_wconf 80' lang='lat' dir='ltr'>meorum,</span> <span class='ocrx_word' id='word_1_120' title='bbox 1174 2782 1185 2821; x_wconf 35' lang='grc' dir='ltr'><em>ἴ</em></span> 
     </span>
     <span class='ocr_line' id='line_1_19' title="bbox 119 2928 1019 3029; baseline 0.003 -22"><span class='ocrx_word' id='word_1_121' title='bbox 119 2929 283 3029; x_wconf 78' lang='lat' dir='ltr'>Testor,</span> <span class='ocrx_word' id='word_1_122' title='bbox 303 2931 342 3008; x_wconf 92' lang='lat' dir='ltr'>in</span> <span class='ocrx_word' id='word_1_123' title='bbox 358 2930 490 3009; x_wconf 86' lang='lat' dir='ltr'>occasu</span> <span class='ocrx_word' id='word_1_124' title='bbox 506 2931 638 3028; x_wconf 88' lang='lat' dir='ltr'>vestro,</span> <span class='ocrx_word' id='word_1_125' title='bbox 657 2958 727 3010; x_wconf 91' lang='lat' dir='ltr'>nec</span> <span class='ocrx_word' id='word_1_126' title='bbox 740 2929 825 3027; x_wconf 88' lang='lat' dir='ltr'>tela,</span> <span class='ocrx_word' id='word_1_127' title='bbox 841 2938 910 3010; x_wconf 82' lang='lat' dir='ltr'>nec</span> <span class='ocrx_word' id='word_1_128' title='bbox 926 2928 1019 3010; x_wconf 88' lang='lat' dir='ltr'>ullas</span> 
     </span>
     <span class='ocr_line' id='line_1_20' title="bbox 132 3066 1185 3166; baseline 0.002 -20"><span class='ocrx_word' id='word_1_129' title='bbox 132 3069 305 3149; x_wconf 85' lang='lat' dir='ltr'>Vitavisse</span> <span class='ocrx_word' id='word_1_130' title='bbox 319 3071 414 3149; x_wconf 88' lang='lat' dir='ltr'>vices</span> <span class='ocrx_word' id='word_1_131' title='bbox 427 3071 624 3166; x_wconf 86' lang='lat' dir='ltr'>Danaum;</span> <span class='ocrx_word' id='word_1_132' title='bbox 654 3069 745 3166; x_wconf 86' lang='lat' dir='ltr'>et,fi</span> <span class='ocrx_word' id='word_1_133' title='bbox 770 3066 846 3149; x_wconf 84' lang='lat' dir='ltr'>fata</span> <span class='ocrx_word' id='word_1_134' title='bbox 862 3067 1010 3149; x_wconf 80' lang='lat' dir='ltr'>fuissent</span> <span class='ocrx_word' id='word_1_135' title='bbox 1179 3070 1185 3086; x_wconf 81' lang='grc'><em>’</em></span> 
     </span>
     <span class='ocr_line' id='line_1_21' title="bbox 132 3207 1088 3311; baseline 0.001 -23"><span class='ocrx_word' id='word_1_136' title='bbox 132 3212 186 3288; x_wconf 94' lang='lat' dir='ltr'>Ut</span> <span class='ocrx_word' id='word_1_137' title='bbox 200 3210 382 3311; x_wconf 85' lang='lat' dir='ltr'>caderem,</span> <span class='ocrx_word' id='word_1_138' title='bbox 400 3210 570 3291; x_wconf 81' lang='lat' dir='ltr'>meruisse</span> <span class='ocrx_word' id='word_1_139' title='bbox 585 3238 713 3296; x_wconf 87' lang='lat' dir='ltr'>manu.</span> <span class='ocrx_word' id='word_1_140' title='bbox 744 3207 958 3290; x_wconf 88' lang='lat' dir='ltr'>divellimur</span> <span class='ocrx_word' id='word_1_141' title='bbox 973 3208 1066 3289; x_wconf 82' lang='lat' dir='ltr'>inde</span> <span class='ocrx_word' id='word_1_142' title='bbox 1073 3247 1088 3306; x_wconf 63' lang='grc' dir='ltr'><strong>ς</strong></span> 
     </span>
     <span class='ocr_line' id='line_1_22' title="bbox 132 3343 1198 3460; baseline 0.002 -34"><span class='ocrx_word' id='word_1_143' title='bbox 132 3347 278 3456; x_wconf 87' lang='lat' dir='ltr'>Iphitus</span> <span class='ocrx_word' id='word_1_144' title='bbox 293 3367 332 3429; x_wconf 89' lang='lat' dir='ltr'>et</span> <span class='ocrx_word' id='word_1_145' title='bbox 344 3348 462 3428; x_wconf 88' lang='lat' dir='ltr'>Pelias</span> <span class='ocrx_word' id='word_1_146' title='bbox 476 3377 654 3430; x_wconf 86' lang='lat' dir='ltr'>mecum:</span> <span class='ocrx_word' id='word_1_147' title='bbox 673 3375 840 3456; x_wconf 90' lang='lat' dir='ltr'>quorum</span> <span class='ocrx_word' id='word_1_148' title='bbox 851 3347 998 3458; x_wconf 88' lang='lat' dir='ltr'>Iphitus</span> <span class='ocrx_word' id='word_1_149' title='bbox 1008 3375 1100 3428; x_wconf 86' lang='lat' dir='ltr'>aevo</span> <span class='ocrx_word' id='word_1_150' title='bbox 1111 3376 1138 3454; x_wconf 84' lang='lat'>4</span> <span class='ocrx_word' id='word_1_151' title='bbox 1144 3343 1198 3460; x_wconf 80' lang='lat'>3&#39;5</span> 
     </span>
     <span class='ocr_line' id='line_1_23' title="bbox 132 3485 1182 3597; baseline 0 -30"><span class='ocrx_word' id='word_1_152' title='bbox 132 3490 221 3592; x_wconf 88' lang='lat' dir='ltr'>Jam</span> <span class='ocrx_word' id='word_1_153' title='bbox 236 3488 392 3597; x_wconf 85' lang='lat' dir='ltr'>gravior,</span> <span class='ocrx_word' id='word_1_154' title='bbox 416 3487 534 3568; x_wconf 89' lang='lat' dir='ltr'>Pelias</span> <span class='ocrx_word' id='word_1_155' title='bbox 552 3507 589 3568; x_wconf 88' lang='lat' dir='ltr'>et</span> <span class='ocrx_word' id='word_1_156' title='bbox 610 3487 762 3569; x_wconf 85' lang='lat' dir='ltr'>vulnere</span> <span class='ocrx_word' id='word_1_157' title='bbox 778 3486 903 3568; x_wconf 85' lang='lat' dir='ltr'>tardus</span> <span class='ocrx_word' id='word_1_158' title='bbox 915 3485 1069 3595; x_wconf 84' lang='lat' dir='ltr'>Ulyffei.</span> <span class='ocrx_word' id='word_1_159' title='bbox 1175 3546 1182 3559; x_wconf 79' lang='lat'><em>.</em></span> 
     </span>
     <span class='ocr_line' id='line_1_24' title="bbox 121 3625 968 3708; baseline 0.007 -8"><span class='ocrx_word' id='word_1_160' title='bbox 121 3627 304 3706; x_wconf 80' lang='lat' dir='ltr'>Protinus</span> <span class='ocrx_word' id='word_1_161' title='bbox 319 3626 366 3706; x_wconf 86' lang='lat' dir='ltr'>ad</span> <span class='ocrx_word' id='word_1_162' title='bbox 381 3625 480 3707; x_wconf 90' lang='lat' dir='ltr'>sedes</span> <span class='ocrx_word' id='word_1_163' title='bbox 496 3626 635 3708; x_wconf 91' lang='lat' dir='ltr'>Priami</span> <span class='ocrx_word' id='word_1_164' title='bbox 649 3625 814 3707; x_wconf 85' lang='lat' dir='ltr'>clamore</span> <span class='ocrx_word' id='word_1_165' title='bbox 835 3626 968 3707; x_wconf 85' lang='lat' dir='ltr'>vocati.</span> 
     </span>
     <span class='ocr_line' id='line_1_25' title="bbox 132 3760 1177 3876; baseline 0.003 -35"><span class='ocrx_word' id='word_1_166' title='bbox 132 3763 210 3841; x_wconf 87' lang='lat' dir='ltr'>Hie</span> <span class='ocrx_word' id='word_1_167' title='bbox 225 3791 310 3842; x_wconf 90' lang='lat' dir='ltr'>vero</span> <span class='ocrx_word' id='word_1_168' title='bbox 331 3765 521 3871; x_wconf 89' lang='lat' dir='ltr'>ingentem</span> <span class='ocrx_word' id='word_1_169' title='bbox 543 3789 724 3876; x_wconf 86' lang='lat' dir='ltr'>pugnam,</span> <span class='ocrx_word' id='word_1_170' title='bbox 746 3790 816 3842; x_wconf 92' lang='lat' dir='ltr'>ceu</span> <span class='ocrx_word' id='word_1_171' title='bbox 829 3779 970 3842; x_wconf 87' lang='lat' dir='ltr'>caetera</span> <span class='ocrx_word' id='word_1_172' title='bbox 986 3760 1177 3869; x_wconf 83' lang='lat' dir='ltr'>nusquam</span> 
     </span>
     <span class='ocr_line' id='line_1_26' title="bbox 129 3898 1177 4000; baseline 0.003 -20"><span class='ocrx_word' id='word_1_173' title='bbox 129 3900 233 3981; x_wconf 89' lang='lat' dir='ltr'>Bella</span> <span class='ocrx_word' id='word_1_174' title='bbox 245 3901 378 4000; x_wconf 88' lang='lat' dir='ltr'>forent,</span> <span class='ocrx_word' id='word_1_175' title='bbox 395 3904 489 3984; x_wconf 90' lang='lat' dir='ltr'>nulli</span> <span class='ocrx_word' id='word_1_176' title='bbox 507 3922 585 3986; x_wconf 85' lang='lat' dir='ltr'>tota</span> <span class='ocrx_word' id='word_1_177' title='bbox 602 3918 833 3985; x_wconf 85' lang='lat' dir='ltr'>morerentur</span> <span class='ocrx_word' id='word_1_178' title='bbox 847 3900 887 3980; x_wconf 92' lang='lat' dir='ltr'>in</span> <span class='ocrx_word' id='word_1_179' title='bbox 899 3898 1016 3983; x_wconf 81' lang='lat' dir='ltr'>urbe:</span> <span class='ocrx_word' id='word_1_180' title='bbox 1171 3924 1177 3945; x_wconf 87' lang='lat'><strong>·</strong></span> 
     </span>
     <span class='ocr_line' id='line_1_27' title="bbox 132 4022 1200 4150; baseline 0.003 -30"><span class='ocrx_word' id='word_1_181' title='bbox 132 4041 192 4121; x_wconf 88' lang='lat' dir='ltr'>Sic</span> <span class='ocrx_word' id='word_1_182' title='bbox 207 4022 376 4124; x_wconf 85' lang='lat' dir='ltr'>Martem</span> <span class='ocrx_word' id='word_1_183' title='bbox 392 4042 622 4127; x_wconf 91' lang='lat' dir='ltr'>indomitum</span> <span class='ocrx_word' id='word_1_184' title='bbox 636 4039 859 4150; x_wconf 80' lang='lat' dir='ltr'>Dmaosque</span> <span class='ocrx_word' id='word_1_185' title='bbox 874 4039 923 4122; x_wconf 91' lang='lat' dir='ltr'>ad</span> <span class='ocrx_word' id='word_1_186' title='bbox 940 4043 1038 4123; x_wconf 73' lang='lat' dir='ltr'>tetta</span> <span class='ocrx_word' id='word_1_187' title='bbox 1047 4050 1200 4125; x_wconf 63' lang='lat' dir='ltr'>‘ruentes</span> 
     </span>
     <span class='ocr_line' id='line_1_28' title="bbox 131 4178 1194 4298; baseline 0.001 -34"><span class='ocrx_word' id='word_1_188' title='bbox 131 4178 348 4282; x_wconf 79' lang='lat' dir='ltr'>Cernimus,</span> <span class='ocrx_word' id='word_1_189' title='bbox 365 4181 624 4298; x_wconf 81' lang='lat' dir='ltr'>obsessumque</span> <span class='ocrx_word' id='word_1_190' title='bbox 645 4185 726 4269; x_wconf 73' lang='lat' dir='ltr'>asta</span> <span class='ocrx_word' id='word_1_191' title='bbox 742 4181 925 4268; x_wconf 87' lang='lat' dir='ltr'>testudine</span> <span class='ocrx_word' id='word_1_192' title='bbox 940 4181 1071 4266; x_wconf 89' lang='lat' dir='ltr'>limen.</span> <span class='ocrx_word' id='word_1_193' title='bbox 1108 4209 1194 4287; x_wconf 86' lang='lat'>441</span> 
     </span>
     <span class='ocr_line' id='line_1_29' title="bbox 80 4322 1202 4404; baseline 0.003 -3"><span class='ocrx_word' id='word_1_194' title='bbox 80 4340 85 4349; x_wconf 86' lang='grc'><em>’</em></span> <span class='ocrx_word' id='word_1_195' title='bbox 321 4375 326 4388; x_wconf 57' lang='lat'><em>1</em></span> <span class='ocrx_word' id='word_1_196' title='bbox 1031 4322 1202 4404; x_wconf 88' lang='lat' dir='ltr'>Haerent</span> 
     </span>
    </p>
   </div>
   <div class='ocr_carea' id='block_1_5' title="bbox 0 0 1474 5190">
    <p class='ocr_par' dir='ltr' id='par_1_5' title="bbox 0 0 1474 5190">
     <span class='ocr_line' id='line_1_30' title="bbox 0 0 1474 5190; baseline 0 1"><span class='ocrx_word' id='word_1_197' title='bbox 0 0 1474 5190; x_wconf 95' lang='lat' dir='ltr'> </span> 
     </span>
    </p>
   </div>
  </div>
 </body>
</html>
