2940 5190
236 294 349 443 Ιξοᾉ
437 272 1129 406 P.'V1nernrrMnnorirs

241 499 410 593 'Aridusz
441 505 591 615 elucent
606 504 711 605 aliae,
741 525 780 587 et
795 504 942 618 fulgore
958 508 1163 609 cbrusmnt,
1205 510 1209 515 ’

243 648 430 730 Ardentes
447 675 552 746 auro,
582 663 620 727 et
637 647 785 759 paribus
803 647 868 729 lita
884 650 1040 760 corpora
1056 652 1183 759 guttis.

243 785 356 871 Haec
373 789 497 899 p'otior
513 786 678 871 soboles:
710 786 801 869 hinc
815 786 910 869 coeli
924 806 1094 899 tempore
1107 807 1209 871 certo
1235 818 1318 874 100

244 926 387 1012 Dulcia
401 930 515 1012 mella
527 956 699 1039 premes:
729 958 800 1011 nec
813 934 963 1011 tanturn
976 929 1114 1034 dulcia,
1134 951 1320 1042 quantum
1426 938 1429 943 ’

243 1067 298 1150 Et
310 1069 465 1183 liquida,
496 1088 535 1154 et
550 1072 690 1155 durum
707 1069 850 1180 Bacchi
857 1070 1052 1154 'dnminua
1067 1072 1247 1184 saporem.

246 1210 304 1292 At
319 1215 565 1296 cumincerta
578 1213 706 1296 volant
724 1214 1096 1325 coeloqueuexamina
1116 1215 1266 1312 ludunt,

245 1354 587 1465 Contemnuntque
603 1356 719 1455 favus,
752 1375 790 1437 et
807 1356 942 1465 frigida
961 1359 1059 1437 tetta
1073 1355 1302 1467 relinquunt,

245 1488 440 1596 Instabiles
452 1499 598 1579 animos
611 1497 703 1578 ludo
719 1496 934 1608 prohibebis
947 1499 1060 1582 inani.
1240 1525 1322 1610 105

247 1635 337 1719 Nec
354 1665 512 1747 magnus
525 1635 722 1747 prohibere
735 1637 851 1720 labor.
881 1656 924 1718 tu
944 1640 1092 1748 regibus
1108 1640 1182 1721 alas

248 1779 390 1893 Eripe:
422 1811 499 1864 non
517 1782 589 1862 illis
603 1777 803 1891 quisquam
820 1782 1080 1862 cunctantibus
1097 1782 1219 1863 altum

246 1919 310 2001 Ire
326 1922 423 2020 iter,.
437 1940 503 2002 aut
518 1920 643 2003 castris
662 1922 815 2002 audebit
831 1921 966 2002 vellere
980 1922 1094 2030 figna.

246 2055 415 2143 Invitent
432 2059 572 2141 croceis
587 2058 753 2142 halantes
775 2059 926 2142 floribus
944 2058 1056 2161 horti,
1323 2120 1327 2127 ,

249 2196 305 2280 Et
314 2199 438 2283 custos
450 2198 846 2307 firrumatqueavium,
865 2226 957 2279 cum
970 2197 1067 2281 falce
1076 2199 1256 2309 saligna·r
1274 2230 1325 2286 ro

251 2338 547 2452 Hellespontiaci
563 2338 678 2420 servet
695 2337 808 2420 tutela
824 2339 961 2449 Priapi.
1210 2416 1214 2422 .

251 2478 336 2590 lpu
355 2479 537 2590 thymum
551 2479 730 2590 pinosque
744 2479 864 2559 ferens
878 2481 925 2559 de
938 2478 1130 2560 montibus
1144 2480 1226 2562 altis
1324 2543 1327 2551 Δ

251 2619 376 2701 Tecta
390 2594 482 2702 serat
497 2621 570 2701 late
587 2621 745 2715 circum,
776 2620 839 2700 cui
854 2619 938 2700 talia
952 2646 1063 2699 curae
1077 2659 1090 2717 ς

254 2761 338 2872 Ipse
356 2763 482 2846 labore
499 2790 658 2844 manum
677 2763 772 2842 duro
789 2780 905 2843 terat:
935 2761 1011 2872 ipse
1029 2759 1168 2843 feraces

252 2904 364 3014 Figat
381 2902 503 2985 humo
522 2903 677 3014 plantas,
709 2921 746 2982 et
763 2904 904 2983 amicos
920 2901 1046 3010 irriget
1059 2903 1209 2988 imbres.
1246 2934 1259 2988 ι
1279 2937 1289 2987 1
1304 2937 1327 3016 5

254 3033 386 3152 Atque
402 3045 592 3152 equidem,
625 3060 795 3122 extremo
808 3043 848 3123 ni
854 3044 935 3148 jam
951 3039 1018 3121 sub
1031 3038 1106 3135 fine
1120 3041 1292 3123 laborum

254 3182 354 3263 Vela
370 3181 530 3280 traham,
562 3199 599 3262 et
611 3182 714 3262 terris
728 3179 900 3262 fellinam
914 3179 1100 3259 advertere
1113 3207 1260 3288 proram
1276 3221 1288 3280 t

254 3321 425 3405 Forfitan
441 3339 491 3418 et,
521 3321 679 3431 pingues
689 3317 817 3400 hortos
832 3346 927 3427 quae
940 3346 1027 3398 cura
1047 3316 1194 3398 colendi

256 3467 431 3560 Omaret,
461 3487 647 3556 canerem,
677 3458 862 3566 biferique
879 3457 1010 3538 rosaria
1028 3457 1172 3539 Paesti:

256 3603 423 3713 Qoque
441 3600 558 3681 modo
579 3600 675 3712 potis
692 3600 894 3708 gauderent
907 3598 1035 3678 intuba
1056 3588 1156 3695 rivis,
1252 3626 1332 3686 120

257 3745 312 3829 Et
324 3746 457 3827 virides
473 3745 561 3855 apio
574 3744 688 3854 ripae,
720 3734 908 3850 tortusque
925 3768 992 3851 per
1013 3738 1172 3821 herbam

255 3885 445 3966 Cresceret
461 3884 500 3965 in
516 3902 690 3965 ‚ventrem
708 3883 902 3966 cucumist
933 3909 1004 3962 nec
1026 3881 1103 3963 sera
1115 3884 1336 3970 comantem

256 4023 486 4123 Narciffum,
518 4044 583 4106 aut
597 4025 685 4106 flexi
703 4023 895 4106 tacuiffem
909 4024 1039 4106 vimen
1054 4022 1218 4126 acanthi,
1328 4020 1334 4032 ’

254 4164 513 4279 Pallentesque
529 4163 699 4269 hederas,
730 4184 769 4250 et
790 4182 956 4285 amantes
970 4167 1078 4287 litpra
1089 4169 1249 4287 myrtos.
1328 4184 1334 4199 '

65 4330 70 4339 ·
1151 4308 1337 4424 Namque
