2940 5190
376 341 727 436 Gnonorcr.
788 339 911 433 Lrn
948 338 985 433 Ι.
1158 366 1235 464 53·

155 540 273 622 Haud
290 542 468 651 equidem
485 544 607 643 credo,
627 544 715 652 quia
731 542 774 622 fit
787 540 961 622 divinitus
978 537 1050 620 illis
1131 565 1218 649 415

156 681 368 788 Ingenium,
387 702 449 763 aut
460 711 586 765 rerum
603 682 681 763 fato
701 681 893 794 prudentia
907 680 1049 787 major:

156 819 300 907 Verum
318 823 383 904 ubi
397 827 593 935 tempestas
609 845 646 907 et
663 826 758 906 coeli
770 822 921 905 mobilis
934 821 1089 903 bumor'

156 962 352 1046 Mutavere
369 968 464 1048 vias:
496 988 533 1049 et
550 971 694 1079 Jupiter
701 967 879 1049 humidus
891 965 1020 1046 austris

153 1103 305 1207 Densat,
313 1127 416 1187 erant
423 1137 517 1217 quae
527 1136 606 1188 rara
615 1109 731 1189 modo
738 1147 751 1205 3
766 1125 816 1205 et,
828 1101 1217 1215 quaedensa,relaxatt

156 1239 362 1323 Vertuntur
379 1248 516 1356 species
529 1242 754 1342 animorum,
773 1263 810 1325 et
822 1247 972 1356 pestora
989 1260 1113 1323 motus
1131 1264 1219 1348 420·

155 1379 274 1461 Nunc
282 1383 384 1480 alios,
398 1384 487 1464 alios
499 1386 591 1466 dum
608 1385 735 1466 nubila
747 1402 877 1465 ventus
894 1383 1037 1491 agebat,

156 1520 396 1634 Concipiunt.
427 1524 517 1608 hinc
530 1526 592 1608 ille
604 1528 730 1608 avium
742 1543 941 1605 concentus
961 1524 1001 1603 in
1021 1520 1129 1632 agric,

158 1657 210 1735 Et
229 1656 341 1742 laetae
358 1667 530 1772 pecudes,
548 1686 585 1748 et
602 1685 750 1748 ovantes
768 1683 913 1775 gutture
927 1664 1040 1746 corvi.

158 1796 195 1874 Si
208 1826 295 1880 vero
315 1802 431 1885 solem
444 1807 490 1888 ad
505 1810 678 1920 rapidum
693 1806 869 1917 lunasque
881 1800 1073 1917 sequentes

157 1935 299 2021 Ordine
317 1927 507 2056 respici⁶es3
530 1978 724 2058 nunquam
738 1968 774 2028 te
788 1949 941 2030 crastina
957 1945 1060 2029 fallet
1133 1965 1188 2048 42
1197 1967 1220 2051 ς

156 2073 275 2178 Hora,
290 2110 411 2192 neque
426 2090 561 2168 infidiis
583 2089 701 2167 nostis
717 2090 859 2195 capiere
872 2087 1027 2168 serenae.
1041 2120 1044 2125 ·
1087 2092 1092 2103 '

155 2213 267 2296 Luna
283 2240 500 2304 revertentes
515 2254 606 2305 curn
620 2225 788 2332 primum
801 2225 941 2332 colligit
957 2227 1073 2330 ignes,

158 2351 196 2429 Si
214 2355 365 2461 nigrum
383 2359 538 2441 obscuro
557 2361 830 2470 comprenderit
847 2368 928 2441 ae'ra
944 2387 1075 2454 cornu,
1110 2369 1115 2377 '

158 2490 356 2577 Maximus
372 2500 539 2606 agricolis
558 2501 764 2611 pelagoque
777 2502 962 2610 parabitur
980 2500 1113 2582 imber.

159 2632 267 2728 At,s1
287 2637 494 2745 virgineum
513 2641 705 2721 suffuderit
718 2669 781 2721 ore
796 2642 984 2738 ruborem,
1135 2660 1223 2744 430

158 2770 303 2856 Ventus
315 2778 402 2861 erit:
435 2799 544 2864 vento
559 2783 702 2890 semper
714 2783 823 2861 rubet
834 2810 943 2862 aurea
957 2779 1136 2862 Phoebe:

160 2913 224 2995 Sin
245 2936 327 2997 ortu
350 2919 389 2997 in
402 2941 531 3027 quarto
552 2927 732 3034 (namque
752 2923 782 3001 is
799 2922 1017 3001 certiffimus
1030 2913 1177 3021 auetor)

159 3053 269 3153 Pura,
292 3085 413 3166 neque
430 3061 568 3144 obtusis
584 3091 649 3172 per
665 3061 816 3142 coelum
833 3059 1006 3143 cornibus
1017 3058 1086 3140 ibit
1096 3096 1111 3158 ς
1198 3070 1202 3077 ’

160 3194 283 3276 Totus
302 3216 339 3277 et
352 3199 412 3281 ille
430 3202 520 3298 dies,
534 3204 649 3312 etqui
667 3202 857 3283 nascentur
875 3202 922 3283 ab
943 3200 1009 3282 illo

158 3332 348 3417 Evasium
355 3340 403 3419 ad
411 3341 590 3441 mensem,
599 3344 725 3451 pluvia
731 3342 920 3453 ventisque
927 3340 1123 3423 carebunt:
1135 3363 1188 3447 43
1198 3345 1227 3446 ς’

161 3473 334 3584 Votaque
354 3478 480 3561 servati
491 3482 630 3565 solvent
643 3485 682 3566 in
693 3484 799 3565 litore
813 3495 945 3565 nautae
1125 3492 1128 3499 '

161 3614 321 3715 Glauco,
343 3640 380 3701 et
397 3624 602 3734 Panopeae,
620 3622 1002 3708 et'InooMelicertae.
1067 3638 1071 3645 '
1143 3630 1149 3639 ’

163 3754 224 3835 Sol
242 3787 395 3868 quoque
407 3783 446 3844 et
458 3766 638 3862 exoriens,
658 3783 799 3846 etcum
817 3764 853 3843 se
865 3762 993 3843 condit
1008 3761 1049 3840 in
1064 3753 1194 3854 undas,
1253 3756 1257 3764 ’

161 3896 272 4004 Signa
289 3899 413 3986 dabit:
444 3903 561 3987 solem
575 3906 771 3988 certiffima
782 3905 882 4013 figna
893 3903 1107 4010 sequuntur,

160 4032 213 4113 Et
226 4061 321 4144 quae
333 4067 445 4124 mane
459 4043 581 4146 refert,
595 4064 633 4128 et
647 4073 743 4156 quae
756 4041 985 4152 surgentibus
1003 4036 1116 4121 astris.
1138 4061 1234 4140 440·

160 4171 230 4263 Ille
248 4177 315 4260 ubi
328 4181 539 4268 nascentem
553 4186 710 4269 maculis
725 4179 915 4266 variaverit
932 4196 1060 4264 ortum

651 4325 688 4415 E
722 4353 745 4443 3
1054 4307 1240 4395 Conditus
