2940 5190
300 364 632 486 Aruernos.
676 359 796 454 Lrn.
832 361 916 455 111.
1054 392 1148 490 ¹93

85 559 288 673 Harpyiae,
313 581 351 644 et
367 560 513 672 magnis
538 562 710 671 quatiunt
735 562 970 671 clangoribus
986 562 1075 664 alas,

82 699 350 807 Diripiuntque
369 696 494 806 dapes,
516 700 764 803 contactuque
778 696 905 776 omnia
918 696 1070 779 foedant
1120 713 1123 720 '

81 834 313 921 immundo:
344 824 430 916 tum
450 863 526 918 vox
546 853 684 916 tetrum
704 836 784 917 dira
796 835 892 916 inter
909 838 1077 927 odorem.

81 975 249 1057 Rursum
267 976 307 1055 in
323 973 457 1054 secessu
477 974 592 1080 longo
608 973 677 1054 sub
694 1003 786 1084 rupe
808 951 961 1073 cavata*

80 1114 292 1195 Arboribus
304 1111 417 1195 claufi
430 1113 575 1194 circum
588 1129 700 1221 atque
714 1110 949 1193 horrentibus
962 1116 1116 1212 umbris,

82 1252 303 1334 lnstmimus
317 1251 472 1350 mensas,
490 1249 633 1359 arisque
652 1253 867 1361 reponimus
886 1253 1028 1360 ignem.
1059 1282 1141 1364 231

80 1392 249 1500 Rursum
264 1420 312 1473 ex
326 1391 467 1479 diverso
484 1390 580 1472 coeli
598 1391 787 1500 caecisque
803 1392 964 1490 latebris,
1095 1444 1097 1449 ·

81 1533 215 1612 Turba
229 1532 358 1612 sonans
372 1531 549 1641 praedam
559 1532 717 1642 pedibus
727 1531 971 1613 circumvolat
989 1533 1114 1630 uncis;
1149 1582 1155 1593 ·

74 1673 226 1783 ,Polluit
242 1701 306 1753 ore
323 1673 447 1783 dapes.
477 1673 582 1755 sociis
602 1690 705 1773 tunc,
726 1702 832 1756 arma
849 1673 1044 1785 capessant,

80 1812 215 1913 Edico,
231 1831 269 1894 et
285 1813 365 1892 dira
378 1812 523 1894 bellum
542 1802 755 1923 cumgente
772 1817 991 1925 gerendum.
1056 1840 1111 1925 23
1119 1843 1142 1927 ς

80 1950 199 2034 Haud
213 1951 316 2035 secus
332 1952 474 2062 acjuffi
493 1952 649 2050 faciunt,
662 1954 850 2064 testosque
863 1984 928 2065 per
947 1953 1104 2038 herbam
1268 2036 1271 2040 ,

80 2090 297 2204 Disponunt
312 2088 426 2193 ensesss
442 2110 481 2173 et
498 2092 599 2173 scuta
617 2092 765 2175 latentia
782 2094 963 2190 condunt.

79 2230 184 2339 Ergo
202 2231 268 2311 ubi
286 2228 452 2340 delapsae
470 2232 634 2312 sonitum
651 2261 717 2342 per
730 2261 844 2313 curva
855 2233 991 2315 dedere

78 2365 209 2449 Litora
220 2408 234 2465 3
265 2367 328 2448 dat
345 2369 494 2478 signum
515 2370 662 2479 specula
687 2371 854 2452 Misenus
870 2373 918 2452 ab
941 2372 1016 2455 alta
1079 2473 1083 2481 ῃ
1129 2407 1131 2410 ’

80 2505 181 2585 Aere
201 2534 312 2589 cavo:
344 2508 522 2590 invadunt
540 2509 640 2609 socii,
656 2527 692 2590 et
705 2537 802 2591 nova
819 2512 955 2622 praelia
969 2527 1123 2611 tentant,

80 2640 291 2726 Obscoenas
308 2645 430 2757 pelagi
448 2646 547 2730 ferro
563 2647 711 2732 foedare
731 2650 908 2739 volucres.
1061 2675 1140 2763 241

79 2780 153 2860 Sed
177 2810 297 2890 neque
315 2786 395 2864 vim
413 2785 552 2895 plumis
568 2787 701 2887 ullam,
723 2819 794 2872 nec
815 2792 968 2874 vulnera
981 2810 1085 2901 tergo

79 2918 311 3030 Accipiunt;
331 2924 514 3034 celerique
528 2926 619 3035 fuga
631 2927 698 3007 sub
714 2906 830 3010 sidera
844 2930 976 3040 lapsae,
1027 2990 1031 2999 ·

79 3064 268 3145 Semelam
284 3065 463 3174 praedam
480 3085 518 3148 et
529 3067 680 3179 vestigia
698 3069 808 3151 foeda
825 3071 1049 3181 relinquunt.
1182 3135 1185 3142 .

77 3203 166 3284 Una
182 3203 222 3284 in
240 3203 422 3315 praecelsa
438 3207 604 3288 consedit
621 3237 714 3319 rupe
727 3211 889 3292 Celaeno
1057 3237 1113 3321 24
1119 3233 1144 3320 ς

78 3342 217 3423 Infelix
237 3361 348 3441 vates,
366 3347 541 3456 rupitque
559 3346 656 3427 hanc
670 3352 818 3458 pedore
836 3378 988 3431 vocem:
1088 3408 1089 3412 κ

77 3483 228 3566 Bellum
244 3488 359 3568 etiam
379 3515 448 3596 pro
478 3490 591 3570 caede
607 3492 728 3572 bour‘n
743 3491 932 3602 stratisque
945 3494 1125 3603 juvencis,

77 3628 428 3727 Laomedontiadae,
447 3629 639 3712 bellumne
660 3631 796 3712 inferre
807 3636 952 3741 paratis,

77 3771 128 3848 Et
142 3768 260 3877 patrio
281 3769 440 3851 insontes
454 3772 641 3881 Harpyias
656 3771 793 3880 pellere
812 3797 927 3879 regno
944 3776 957 3853 ἒ
1039 3840 1043 3846 .
1058 3798 1142 3882 249

78 3906 250 4017 Accipite
265 3935 365 4013 ergo,
381 3909 515 3990 animis
534 3928 646 4019 atque
664 3909 757 3990 haec
775 3937 861 3988 mea
874 3909 976 4017 figite
989 3909 1105 3997 dida:

77 4053 185 4163 Qae
216 4022 374 4130 Phoebo
406 4069 508 4160 pater
545 4052 795 4163 omnipotens,
840 4050 937 4133 mihi
971 4050 1148 4135 Phoebus

259 4183 403 4297 Apollo

591 4338 627 4412 Ο
949 4330 1148 4429 praedixit,
