2940 5190
337 350 691 447 Gnouorcn.
728 323 973 446 Lrn'IVss
1133 376 1239 480 105

155 555 337 662 Namque
349 554 416 636 sub
428 553 604 635 Oebaliae
617 551 777 634 memini
788 554 1121 657 meturribusaltis,
1145 582 1196 643 12
1203 585 1230 669 ς

155 698 248 804 Qa
264 694 369 804 niger
381 693 575 776 humestat
592 693 764 776 flaventia
782 693 883 776 culta
896 694 1065 796 Galesus,
1142 734 1145 741 ¹

156 837 363 948 Corycium
379 835 507 919 vidisse
520 836 670 920 senem:
710 838 772 917 cui
788 864 908 946 pauca
923 837 1042 920 relicti

105 1088 109 1096 Ι
158 954 300 1089 Jugera
316 980 409 1062 ruris
426 993 529 1059 erant
541 1018 555 1075 3
586 1004 657 1059 nec
678 976 808 1060 fertilis
821 978 1088 1086 illajuvencis‚¹
1194 1019 1197 1025 ’
1278 971 1280 974 ⁴

156 1121 244 1203 Nec
262 1121 387 1231 pecori
399 1136 608 1229 opportuna
620 1118 734 1228 seges,
767 1145 837 1199 nee
850 1121 1055 1239 commoda
1071 1121 1238 1212 Baccho:

155 1262 236 1344 Hac
248 1291 376 1346 rarum
383 1281 509 1343 tamen
522 1261 561 1340 in
574 1261 700 1342 dumis
708 1259 802 1357 olus,
817 1259 976 1372 albaque
988 1263 1134 1345 circum
1151 1295 1235 1379 130

158 1405 271 1504 Lilia,
302 1404 550 1511 verbenasque
570 1404 762 1514 premens,
789 1404 1016 1513 vescumque
1033 1431 1206 1518 papaver,

158 1548 316 1657 Regum
334 1546 514 1655 aequabat
525 1573 625 1655 opes
642 1545 800 1626 animis:
819 1543 983 1653 'seraque
999 1564 1184 1629 revertens

157 1686 286 1767 Nocte
302 1687 476 1785 domum,
498 1687 655 1796 dapibus
668 1685 810 1767 mensas
824 1686 1001 1767 onerabat
1016 1686 1211 1799 inemptin'

158 1826 309 1909 Primus
327 1856 412 1911 vere
426 1826 559 1928 rosam,
588 1847 699 1938 atque
713 1828 895 1909 autumno
912 1857 1060 1939 carpere
1078 1856 1218 1940 poma:

159 1968 211 2049 Et
230 1968 449 2049 cum‘tristis
469 1967 604 2078 hyems
621 1972 832 2050 etiamnum
850 1968 988 2075 frigore
1007 1968 1093 2049 saxa
1152 1998 1200 2081 13
1209 1995 1235 2082 5

160 2110 384 2218 Rumperet,
416 2126 453 2188 et
472 2109 591 2215 glacie
608 2108 733 2188 cursus
750 2107 910 2188 frenaret
928 2135 1127 2216 aquarum,
1210 2216 1213 2227 Ι

161 2251 231 2332 Ille
249 2280 402 2332 comam
416 2249 632 2357 mollisjarn
646 2267 730 2328 turn
742 2248 921 2329 tondebat
938 2248 1101 2348 acanthi,

161 2391 355 2472 Aestatem
370 2389 590 2498 increpitans
606 2388 723 2468 seram
736 2385 996 2499 zephyrosque
1009 2392 1210 2475 morantes.¹

161 2532 266 2640 Ergo
283 2530 415 2639 apibus
435 2529 544 2610 foetis
559 2530 662 2609 idem
678 2545 792 2639 atque
809 2531 982 2611 examine
999 2530 1124 2613 multo
1206 2571 1210 2578 ·
1239 2540 1246 2550 '

161 2675 311 2754 Primus
332 2671 534 2770 abundare,
566 2691 604 2752 et
621 2671 830 2781 spumantia
846 2699 980 2780 cogere
997 2674 1123 2785 preffis
1156 2699 1238 2784 140

161 2812 284 2892 Mella
297 2811 414 2892 savis:
446 2811 502 2890 illi
519 2810 630 2910 tiliae,
661 2829 773 2920 atque
790 2811 981 2891 uberrima
999 2814 1132 2922 pinusr

161 2956 342 3064 Qotque
359 2955 398 3033 in
420 2952 512 3034 flore
529 2961 628 3033 novo
646 2954 770 3062 pomis
785 2954 820 3033 se
841 2952 970 3040 fertilis
985 2952 1097 3034 arbos

163 3097 351 3192 Induerat,
382 3095 542 3176 totidem
559 3114 743 3176 autumno
763 3114 910 3177 matura
923 3095 1086 3179 tenebat.
1228 3114 1233 3125 '

165 3237 235 3317 Ille
252 3238 365 3316 etiam
379 3235 471 3317 seras
493 3238 533 3316 in
549 3238 694 3319 versum
709 3238 849 3319 distulit
865 3239 1003 3337 ulmos,

164 3375 409 3483 Edurarnque
424 3376 564 3484 pirum,
576 3393 615 3458 et
627 3376 965 3488 spinosjampruna
974 3378 1145 3475 ferentes,
1158 3401 1238 3488 145

163 3515 327 3623 Jamque
341 3494 612 3595 ministrantem
628 3514 821 3626 platanum
835 3518 1047 3627 potantibus
1059 3519 1223 3600 umbras.

163 3657 311 3738 Verum
325 3653 417 3735 haec
431 3655 506 3765 ipse
520 3657 711 3764 equidem,
727 3657 848 3766 spatiis
859 3657 1029 3738 exclusus
1042 3657 1193 3765 iniquis,

164 3796 371 3895 Praetereo,
402 3813 515 3904 atque
527 3796 607 3876 aliis
623 3797 707 3906 post
721 3825 785 3878 me
799 3797 1044 3879 memoranda
1058 3797 1242 3908 relinquo.

226 3937 346 4017 Nunc
363 3962 445 4046 age,
476 3954 624 4016 naturas
639 3936 769 4047 apibus
788 3964 879 4044 quas
896 3936 1044 4047 Jupiter
1056 3935 1132 4047 ipse
1245 3948 1249 3955 '

166 4075 341 4173 Addidit,
355 4075 578 4187 expediam:
593 4105 663 4189 pro
680 4106 757 4187 qua
773 4078 959 4177 mercede,
970 4106 1126 4165 canoros
1158 4104 1242 4191 150

112 4308 115 4313 ,
163 4216 352 4337 Curcum
365 4217 503 4324 sonitus
520 4218 811 4333 crepitantiaque
827 4248 912 4307 aera
924 4220 1084 4333 secutae,
1246 4230 1251 4236 '

1086 4361 1245 4447 Distaeo
