2940 5190
336 335 691 428 Guonorcn.
742 326 875 422 L1n.
908 327 985 422 I.-
1129 360 1197 456 43

191 537 319 621 Prima
335 538 448 618 Ceres
465 531 563 615 serto
579 529 756 613 mortales
770 547 911 613 vertere
928 547 1066 612 terram
1195 554 1200 607 ῑ

130 677 315 761 Instituit:
347 658 531 778 cumjam
554 670 705 779 glandes
728 686 840 779 atque
858 670 987 750 arbuta
999 670 1122 754 sacrae
1194 702 1197 749 :

131 816 348 900 Deficerent
364 815 497 922 sylvae,
518 831 556 893 et
575 811 719 891 viuum
740 809 904 893 Dodona
923 829 1084 917 negaret.

63 940 65 944 Β
132 960 233 1040 Mox
247 976 285 1040 et
296 955 495 1040 frumentis
503 952 607 1034 labor
614 952 780 1033 additus:
797 949 1103 1032 utmalaculmos
1121 979 1204 1064 150

132 1096 234 1181 Esset
250 1083 405 1205 rubigo,
416 1093 606 1203 segnisque
619 1091 786 1173 horreret
804 1092 844 1171 in
856 1093 950 1171 arvis
1062 1138 1066 1145 ·

132 1239 316 1321 Carduus.
343 1237 532 1321 intereunt
547 1233 705 1342 segetes,
723 1233 822 1313 subit
836 1232 962 1342 aspera
975 1230 1088 1340 sylva,

132 1380 373 1488 Lappaeque,
391 1354 617 1484 arborque:
649 1375 819 1482 interque
836 1372 991 1453 nitentia
1006 1373 1109 1454 carta

13 1618 19 1630 ⁸
135 1515 274 1602 Infelix
288 1513 425 1595 lolium
440 1530 478 1595 et
495 1512 631 1595 steriles
648 1512 889 1595 dominantur
903 1539 1051 1594 avenae.
1202 1520 1205 1529 “

118 1656 255 1766 'Qud
272 1655 339 1738 nili
356 1672 395 1739 et
411 1654 558 1741 affiduis
576 1672 712 1736 terram
730 1653 952 1736 iniediabere
966 1653 1101 1751 rastris,
1123 1679 1176 1768 15
1183 1672 1208 1764 ς

137 1798 189 1878 Et
206 1795 326 1908 sonitu
344 1796 494 1879 terrebis
513 1823 609 1894 aves,
630 1811 667 1875 et
684 1795 779 1875 ruris
796 1795 904 1912 opaci

11 1954 16 1966 '
137 1935 249 2020 Falce
265 1926 414 2049 premes
428 1935 596 2034 umbras,
614 1936 783 2044 votisque
810 1936 995 2016 vocaveris
1024 1931 1211 2014 imbrem:

138 2079 244 2175 Heu,
274 2105 460 2186 magnum
476 2074 626 2157 alterius
645 2073 781 2154 frustra
798 2073 976 2184 spestabis
993 2101 1183 2169 acervum,

138 2217 399 2327 concussaque
411 2217 557 2298 famem
576 2214 615 2294 in
632 2212 741 2321 sylvis
759 2208 921 2293 solabere
938 2242 1092 2323 quercu.

202 2357 435 2460 Dicendum,
445 2352 665 2472 etquaesint
674 2350 983 2464 durisagrestibus
991 2382 1117 2437 uma:
1136 2357 1214 2438 160

142 2498 261 2607 Qreis
279 2495 367 2592 fine,
386 2520 457 2576 nec
474 2510 628 2604 potuere
640 2491 720 2590 seri,
735 2492 963 2603 necfurgere
975 2493 1119 2581 messes.

142 2636 292 2733 Vomis,
309 2653 347 2717 et
359 2632 488 2717 inflexi
505 2633 674 2744 primum
686 2660 800 2743 grave
815 2635 930 2719 robur
945 2636 1067 2735 aratri,

132 2758 344 2885 ‘Tardaque
358 2772 552 2891 Eleufinae
570 2774 697 2859 uranu
713 2771 899 2855 volventia
915 2774 1089 2886 plaustra,

143 2914 394 3024 Tribulaque,
414 2913 650 3025 traheaeque,
669 2929 707 2994 et
721 2913 855 3024 iniquo
871 2915 1035 3025 pondeoe
1051 2913 1176 2996 rastri:

23 3110 26 3114 <
145 3059 282 3165 Virgea
301 3073 492 3166 praeterea.
504 3055 609 3137 Celei
620 3054 781 3167 vilisqrre
792 3054 972 3168 supellex,
1132 3055 1184 3140 16
1190 3080 1216 3167 5

147 3199 334 3279 Arbuteae
348 3214 477 3295 crates,
496 3216 533 3279 et
558 3195 716 3307 mystica
727 3224 871 3280 vaurms
882 3196 1027 3280 Iacchi.

148 3337 290 3417 Omnia
308 3362 404 3446 quae
417 3334 541 3417 multo
557 3355 643 3423 ante
664 3364 814 3421 memor
831 3337 973 3448 provisa
989 3362 1156 3449 repones,
1202 3346 1205 3352 '
1299 3334 1304 3343 “

149 3475 187 3555 si
204 3494 241 3556 te
253 3475 365 3583 digna
382 3492 512 3556 uranet
527 3472 644 3563 divini
660 3474 779 3584 gloria
790 3475 896 3564 ruris.

149 3616 339 3725 Continuo
355 3614 396 3697 i‘n
411 3612 522 3725 sylvis
541 3590 682 3727 magns
698 3615 738 3698 vi
758 3616 857 3699 flexa
879 3619 1055 3700 domatur

151 3758 196 3837 ln
209 3757 349 3859 burim,
370 3773 409 3838 et
423 3757 528 3839 curvi
543 3756 710 3839 formam
720 3758 856 3869 accipit
869 3758 994 3840 ulmus
1007 3756 1218 3871 aratri.17o'

150 3897 257 3978 Huic
273 3925 297 3979 a
313 3895 424 4009 stirpe
440 3897 552 4008 pedes
569 3915 673 3980 temo
685 3915 876 4009 protentus
897 3898 936 3979 in
954 3900 1053 3994 ouo,

151 4033 266 4123 Binae
282 4063 399 4135 aures,
416 4035 558 4147 duplici
575 4056 749 4148 aptantur
766 4037 926 4121 dentalia
941 4038 1061 4122 dorso.
1202 4059 1204 4065 ·

150 4172 331 4282 Caeditur
347 4192 385 4261 ct
396 4174 476 4269 tilia
490 4178 676 4296 antejugo
688 4177 792 4283 levis,
812 4177 958 4300 altaque
975 4178 1101 4288 fagus,
1142 4282 1144 4287 Ι
1174 4254 1180 4261 .
1203 4246 1211 4258 .

188 4378 191 4382 .
1039 4314 1225 4423 Stivaque,
