2940 5190
377 394 380 399 ·
470 379 937 478 AruernosLm.
964 383 1026 491 1.·
1074 356 1078 375 ’
1162 408 1259 518 145

192 594 249 675 At
268 576 361 672 sim
373 583 537 667 stortae
556 583 699 681 saltem,
729 582 904 694 sedeque
921 604 1077 696 puatae,

191 729 308 813 Unde
323 726 403 809 hue
417 725 574 825 edvedii,
605 742 810 834 regemque
828 740 999 834 petamus
1014 726 1191 822 Acesten.

191 871 351 952 Talibus
368 866 542 950 nioueoo.
573 865 700 946 cuncti
714 864 826 946 fimul
839 892 903 945 ore
920 863 1129 951 fremebant

191 1010 441 1095 Dardanidae.

190 1157 303 1237 Tum
313 1153 472 1237 brevitet
487 1148 607 1250 Dido,
623 1146 772 1229 mltum
783 1145 951 1249 demiffa,
966 1152 1156 1262 profatur:
1174 1160 1228 1273 56
1235 1178 1260 1274 ς

193 1294 329 1376 Solvite
349 1291 461 1376 eorde
479 1306 639 1387 metum,
662 1288 829 1386 Teucri;
858 1287 1033 1397 secludite
1045 1318 1162 1382 curas.

191 1439 272 1517 Res
282 1435 387 1536 dura,
420 1449 458 1515 et
475 1430 582 1542 regni
597 1429 740 1512 novitas
755 1456 820 1511 me
836 1428 923 1512 talia
940 1453 1081 1545 cogunt

191 1574 341 1675 Moliri,
371 1590 410 1655 et
427 1572 500 1654 late
516 1566 609 1654 sines
628 1547 783 1655 custode
799 1570 907 1654 tueri.

193 1715 290 1827 Qis
303 1731 421 1826 gnua
437 1712 674 1812 Aeneadum,
707 1711 792 1823 quis
803 1711 941 1821 Trojae
961 1711 1098 1798 nesciat
1114 1717 1263 1821 urbem,

192 1853 444 1964 virtutesque,
472 1853 654 1964 virosque,
686 1869 724 1934 et
737 1852 828 1933 tanti
840 1851 1012 1936 incendia
1024 1850 1141 1944 belli?
1176 1882 1263 1975 570·

193 1993 289 2076 Non
302 1995 431 2077 obtusa
451 1994 547 2075 adeo
565 1993 753 2103 gestamus
770 1994 919 2102 pedima
936 1994 1080 2081 Poeni:

192 2134 281 2218 Nec
296 2153 376 2217 tam
396 2133 541 2215 aversus
554 2158 672 2242 eques
690 2132 808 2241 Tyria
828 2131 881 2213 sol
897 2133 1023 2243 jungit
1034 2138 1082 2217 ab
1096 2136 1204 2223 urbe.

193 2279 344 2360 Servos
363 2276 588 2385 Hesperiam
598 2273 792 2382 magnam,
826 2276 1068 2386 Saturniaque
1084 2306 1195 2380 arva;

196 2417 282 2498 Sive
293 2416 427 2526 Erycis
443 2414 549 2515 fines,
580 2437 785 2525 regemque
805 2412 939 2526 optatis
960 2416 1151 2519 Acesten3

195 2554 355 2672 Auxilio
370 2572 470 2638 tutos
487 2554 691 2654 dimittam,
723 2553 1091 2665 opibusquejuvabo.
1177 2582 1264 2680 575

195 2697 323 2780 Vultis
340 2714 378 2778 et
393 2694 453 2777 his
466 2720 622 2777 mecum
636 2692 770 2807 pariter
784 2694 972 2779 considere
995 2702 1147 2809 regnis?
1203 2807 1206 2815 Ι

195 2838 346 2919 Urbem
356 2860 475 2945 quarn
492 2837 626 2939 statuo,
659 2834 778 2918 vestra
790 2835 856 2916 est.
887 2835 1081 2920 subducite
1099 2858 1222 2922 naves.

195 2977 297 3059 Troe
309 2974 523 3087 Tyriusque
534 2973 631 3056 mihi
649 2973 757 3058 nullo
775 2974 986 3057 discrimine
1002 2994 1144 3086 agetur.

195 3117 326 3228 Atque
345 3117 491 3199 utinam
508 3144 576 3199 rex
587 3115 677 3227 ipse,
706 3128 798 3197 neto
812 3112 1028 3222 compulsus
1038 3117 1176 3201 eodem
1248 3113 1255 3120 ’

196 3253 346 3336 Affotet
358 3257 530 3337 Aeneas!
563 3253 743 3365 equidem
759 3276 827 3364 per
845 3252 1083 3338 litorucertos
1178 3254 1266 3372 580

198 3393 416 3497 Dimittam,
448 3411 486 3475 et
502 3393 647 3502 Libyae
660 3387 812 3475 lustrare
825 3410 994 3476 extrema
1007 3380 1152 3505 jubebo
1162 3434 1176 3497 3

197 3531 237 3612 Si
248 3532 386 3643 quibus
398 3530 535 3641 ejediue
546 3528 656 3643 syl'tie
670 3549 736 3614 aut
750 3531 904 3615 urbibus
915 3550 1022 3618 errat.

261 3652 336 3754 His
352 3672 525 3756 animum
542 3672 674 3754 metti
692 3671 813 3771 dietis,
844 3689 884 3754 et
901 3671 1009 3754 sortis
1026 3671 1205 3778 Achates,

198 3811 252 3892 Et
271 3828 374 3922 pater
387 3814 548 3915 Aeneis,
574 3811 805 3922 jamdudum
818 3834 1014 3921 erumpere
1032 3808 1177 3894 nubem

200 3950 407 4038 Ardebant
437 3957 538 4068 prior
555 3957 727 4037 Aeneam
741 3950 945 4066 compellat
960 3951 1144 4038 Achaten:
1174 3993 1176 3998 ·
1179 3953 1234 4070 58
1240 3978 1265 4069 5

198 4091 302 4173 Nate
318 4092 401 4193 dea,
430 4120 528 4205 quae
545 4120 647 4177 nunc
663 4095 794 4177 animo
806 4094 983 4177 sententia
995 4093 1136 4207 surgit?
1220 4148 1228 4159 ·

199 4233 343 4347 Omnia
355 4251 440 4335 *tuta
455 4236 585 4355 uidete
622 4236 786 4353 elassem,
822 4235 1010 4349 sociosque
1026 4235 1208 4349 receptae·
1220 4290 1223 4294 <

538 4396 549 4410 “
754 4380 792 4462 L
1155 4375 1266 4457 Uuut
