2940 5190
456 337 794 443 Auuatnos.
838 336 957 433 Ltu.
992 337 1028 432 Ι.
1191 373 1285 470 147

212 540 323 643 Qae
341 567 404 621 me
422 568 573 648 cunque
594 561 729 622 vocant
751 560 879 623 terrae.
912 541 962 622 src
981 540 1092 642 fatus,
1111 543 1282 639 amicum

212 681 353 762 Ilionea
373 684 465 792 petit
482 684 624 784 dextra,
640 684 817 794 laevaque
831 685 1037 766 Serestum:
1067 775 1085 788 Ἴ,
1191 690 1243 770 61
1253 713 1279 797 ς

210 823 299 904 Post
312 824 414 923 alios,
431 827 643 934 fortemque
663 828 789 935 Gyan,
808 826 1021 934 sortemque
1034 827 1280 912 Cloanthum.

206 966 414 1077 Obstupmt
430 970 556 1077 primo
570 969 719 1077 aspeetu
736 969 887 1049 Sidonia
902 970 1019 1065 Dido,

206 1108 306 1188 Casu
321 1109 455 1188 deinde
473 1108 543 1188 viri
561 1125 690 1205 tanto;
712 1103 760 1188 ¹et
775 1107 825 1190 stc
842 1135 906 1189 ore
925 1107 1048 1199 locuta
1062 1106 1140 1190 est:

208 1249 307 1356 Qis
324 1226 472 1346 te‚·nate
490 1247 572 1345 dea,
587 1276 652 1356 per
670 1266 769 1328 tanta
787 1247 953 1359 pericula
971 1247 1075 1326 casus

106 1402 113 1415 ·
208 1386 447 1496 Insequitur?
480 1415 576 1496 quae
590 1387 644 1470 vis
656 1387 885 1469 immanibus
897 1384 1058 1495 applicat
1074 1383 1173 1466 oris?
1192 1391 1279 1491 629

209 1526 324 1606 Tune
346 1526 410 1609 ille
429 1529 588 1626 Aeneas,
608 1529 725 1637 quem
739 1513 931 1609 Dardanio
943 1523 1130 1609 Anchisae

137 1650 140 1655 ¹
205 1663 324 1758 Alma
338 1667 468 1757 Venus
488 1665 644 1777 Phrygii
661 1670 790 1778 genuit
805 1667 1004 1750 Simo'e'ntis
1026 1666 1074 1746 ad
1095 1663 1264 1770 undam?

203 1810 333 1918 Atque
353 1809 533 1919 equidem
552 1810 752 1892 Teucrum
764 1809 925 1903 memini
944 1808 1082 1906 Sidona
1101 1808 1239 1909 venire,
1381 1870 1411 1910 ,.

202 1947 361 2031 Finibus
383 1949 583 2060 expulsum
597 1952 736 2061 patriis,
748 1980 847 2035 nova
864 1978 979 2060 regna
998 1965 1191 2058 petentem
1218 1982 1222 1989 ·

201 2088 360 2169 Auxilio
381 2091 473 2173 Beli.
535 2093 680 2199 genitor
701 2109 785 2172 tum
802 2090 913 2182 Belus
930 2074 1102 2197 opimam
1184 2092 1276 2200 -625
1378 2190 1381 2199 1

203 2228 382 2313 Vastabat
391 2235 578 2342 Cyprum,
596 2252 634 2315 et
647 2235 764 2316 vidior
777 2234 918 2319 ditione
929 2232 1089 2311 tenebat.

203 2370 400 2480 Tempore
412 2373 494 2479 jam
507 2399 556 2453 ex
569 2372 635 2454 illo
647 2372 749 2453 casus
765 2370 872 2454 mihi·
882 2371 1052 2479 cognitus
1066 2367 1167 2451 urbis

75 2522 78 2526 ’
201 2509 401 2620 Trojanae‚
421 2540 637 2621 nomenque
654 2531 779 2622 tuum,
798 2512 974 2622 regesque
985 2507 1138 2617 Pelasgi.

201 2650 286 2760 Ipse
299 2649 417 2733 hostis
431 2655 602 2734 Teucros
615 2653 748 2764 infigni
766 2654 874 2743 laude
892 2652 1045 2749 ferebat,

200 2791 323 2899 Seque
331 2811 458 2875 ortum
465 2796 617 2907 antiqua
624 2796 1015 2902 Teucrorumastirpe
1023 2789 1275 2898 volebat.639

199 2930 327 3036 Qare
341 2934 451 3041 agite,
470 2962 495 3014 o
506 2918 625 3033 tediis,
637 2937 806 3043 juvenes,
826 2933 1010 3028 succedite
1020 2928 1165 3031 nostris.

197 3067 271 3149 Me
293 3100 447 3182 quoque
459 3102 526 3184 per
543 3074 684 3163 multos
702 3075 831 3165 similis
848 3074 999 3167 fortuna
1011 3068 1154 3159 labotes
1294 3182 1300 3198 Ι

190 3210 396 3315 Jaoaam,
420 3212 492 3300 hac
510 3215 671 3305 demum
697 3216 815 3305 voluit
832 3215 1026 3309 consistere
1046 3229 1153 3293 terra.

196 3351 292 3431 Non
307 3353 436 3462 ignara
450 3357 543 3439 mali
560 3358 702 3448 miseris
721 3358 931 3452 succurrere
943 3356 1057 3449 disco.

197 3492 258 3572 Sic
270 3517 469 3583 memorat.
499 3500 611 3589 simul
631 3503 788 3590 Aenean
803 3502 843 3592 in
860 3500 961 3610 regia
975 3497 1082 3579 ducit
1179 3489 1204 3577 6
1212 3515 1267 3602 35

195 3629 339 3731 Te&a;
360 3636 473 3719 simul
491 3639 626 3722 divum
640 3637 793 3752 ,teniplis
808 3640 939 3731 indicit
957 3636 1154 3720 honorem.

193 3770 281 3852 Nec
298 3776 423 3883 minus
443 3779 581 3865 interea
597 3782 704 3865 sociis
713 3783 761 3865 ad
781 3783 888 3863 litora
905 3779 1022 3869 mittit

194 3908 341 4019 Viginti
359 3934 495 4024 tauros',
511 3949 739 4033 magnorum
756 3921 944 4004 horrentia
961 3936 1117 4017 centum

188 4049 323 4160 Terga
342 4054 464 4157 suum,
480 4063 637 4172 pingues
653 4083 809 4148 centum
822 4091 914 4145 cum
929 4061 1111 4145 matribus
1131 4083 1266 4169 agnos:

192 4186 370 4296 Munera,
384 4196 636 4315 laetitiamque
654 4207 728 4292 dei,
1182 4204 1270 4304 640
1399 4194 1415 4291 J

713 4350 808 4436 La
933 4367 936 4374 ·
1229 4343 1285 4427 At
