2940 5190
299 338 396 444 108
519 332 583 430 1²:
609 316 885 430 Vraciurr
921 335 1202 440 Mauou'rs

293 522 444 622 Tanau
459 564 566 620 amor
581 536 734 634 florum,
750 552 788 616 et
798 536 998 645 generandi
1009 539 1127 646 gloria
1134 542 1270 627 mellis.
1285 569 1341 630 20
1345 568 1373 656 5

291 679 398 787 Ergo
414 679 508 789 ipsas
527 677 698 788 quamvis
712 674 859 786 angusti
877 677 1058 758 terminus
1072 683 1153 761 aevi

291 815 481 929 Excipiat‚
510 845 635 928 neque
652 814 756 898 euim
772 813 858 924 plus
875 813 1031 925 septima
1047 817 1197 902 ducitur
1214 822 1342 920 aestas,

292 960 351 1040 At
368 985 487 1068 genus
499 954 713 1039 immortale
732 971 872 1053 manet,
904 954 1115 1066 multosque
1133 989 1199 1072 per
1217 990 1335 1044 annos

290 1099 373 1182 stat
389 1095 539 1178 fortuna
553 1097 702 1195 domus,
733 1111 772 1176 et
789 1094 1108 1177 avi'numerantur
1124 1128 1294 1188 avorum.

290 1239 485 1323 Praeterea
503 1265 632 1348 regem
646 1243 726 1316 'non
744 1233 795 1314 fic
809 1234 1021 1343 Aegyptus,
1048 1254 1087 1316 et
1099 1236 1230 1350 ingens
1289 1266 1372 1326 210

292 1383 430 1494 Lydia,
469 1409 540 1462 nec
570 1377 702 1489 populi
731 1374 972 1478 Parthorum,
1010 1394 1075 1459 aut
1110 1383 1252 1465 Medus
1282 1385 1374 1495 Hy-

354 1521 498 1632 daspes,
649 1558 654 1565 ·

292 1660 514 1744 Observant.
545 1687 632 1771 rege
646 1659 829 1741 incolumi
846 1660 1144 1743 mensumnibus
1158 1664 1297 1746 unaest
1309 1703 1324 1763 3

290 1799 456 1904 ¹Amisso,
488 1829 620 1912 rupere
637 1800 779 1882 fidemr
813 1801 1098 1910 construdiaque
1115 1804 1231 1885 mella

292 1942 494 2051 Diripuere
509 1941 618 2052 ipsae,
632 1952 636 1959 '
649 1959 688 2022 et
704 1959 820 2022 crates
841 1941 981 2021 solvere
1000 1941 1186 2028 favorum.

239 2155 241 2159 .
292 2079 367 2164 llle
379 2109 540 2193 operum
553 2081 698 2180 custos;
712 2081 823 2162 illum
835 2079 1080 2179 admirantur,
1094 2099 1132 2162 et
1144 2111 1276 2164 omnes
1291 2112 1369 2196 215

291 2221 551 2308 Circumstant
568 2221 721 2303 fremitu
735 2219 862 2318 denso,
895 2218 1104 2328 stipantque
1118 2220 1341 2331 frequentes,

292 2360 347 2441 Et
363 2361 469 2472 saepe
482 2357 856 2494 attullunt'humer'is‚
887 2373 926 2437 et
942 2376 1098 2469 corpora
1112 2360 1213 2443 bello

292 2500 506 2609 Objedant,
519 2497 793 2608 pulchramque
804 2514 936 2607 petunt
949 2525 1015 2606 per
1032 2499 1185 2580 vulnera
1196 2520 1372 2587 mortem.

241 2698 246 2707 ·
293 2637 370 2721 His
389 2637 547 2747 quidam
565 2636 675 2745 signis
692 2653 803 2743 atque
823 2633 917 2712 haec
930 2637 1105 2745 exempla
1123 2639 1249 2739 secuti,

292 2779 381 2863 Esse
393 2779 524 2892 apibus
536 2796 681 2891 partem
698 2776 844 2858 divinae
857 2780 1007 2877 mentis,
1038 2798 1076 2859 et
1093 2777 1244 2863 haustus
1283 2812 1370 2868 220

293 2920 493 3006 Aetherios
512 2922 657 3003 dixere:
690 2919 821 3000 Deum
839 2945 1004 3026 namque
1017 2918 1069 3001 ire
1083 2950 1149 3031 per
1162 2951 1293 3003 omnes

267 3088 270 3096 ·
293 3061 516 3169 Terrasque‚
528 3057 737 3163 tractusque
748 3055 875 3158 maris,
886 3056 1111 3164 coelumque
1125 3060 1371 3167 profundum.

79 4728 278 4886 n

293 3198 400 3279 Hine
432 3196 606 3306 pecudes,
653 3209 832 3289 armenta,
877 3192 988 3291 viros,
1019 3221 1135 3301 genus
1168 3222 1282 3278 omne
1313 3198 1371 3279 se-

356 3363 499 3438 rarum,
831 3350 834 3357 '

293 3478 500 3583 Quemque
520 3472 587 3553 s1bi
600 3490 728 3553 tenues
741 3471 953 3554 nascentem
967 3472 1139 3555 arcessere
1153 3475 1257 3560 vitas.

294 3616 445 3700 Scilicet
456 3613 533 3696 huc
548 3613 652 3694 reddi
667 3612 815 3713 deinde,
847 3643 891 3695 ac
905 3614 1063 3696 resoluta
1078 3615 1204 3698 referri
1284 3647 1336 3706 22
1346 3650 1370 3735 5

292 3757 463 3840 Omnia:
491 3782 562 3838 nec
582 3755 696 3836 morti
717 3752 789 3836 effe
807 3753 949 3851 locum,
979 3756 1040 3837 sed
1057 3756 1140 3837 viva
1159 3759 1285 3842 volare

295 3899 430 3979 Sideris
447 3897 486 3978 in
504 3925 722 3996 numerum,
751 3916 862 4008 atque
876 3897 952 3978 alto
968 3897 1161 3979 succedere
1176 3901 1296 3988 coelo,
1359 3921 1364 3930 “

295 4038 334 4117 Si
353 4036 504 4147 quando
520 4036 647 4118 sedem
662 4038 869 4147 augustam,
898 4037 1110 4147 servataque
1129 4041 1244 4121 mella

295 4175 496 4263 Thesauris
515 4177 673 4277 relines;
702 4181 804 4291 prius
821 4177 957 4263 haustu
976 4179 1337 4293 sparsusaquarum,

1296 4325 1376 4405 Ora
