2940 5190
194 414 196 419 ⁴
342 381 974 478 GronorcA.L1nIl
1138 384 1205 517 67

132 584 298 670 Difficile
317 586 397 670 est:
428 585 553 694 piceae
574 603 735 684 tantum,
754 585 904 692 taxique
917 603 1091 668 nocentes

131 724 343 823 Interdum,
359 742 423 807 aut
440 722 599 827 hederae
615 720 785 830 pandunt
797 719 947 829 vestigia
961 723 1099 832 nigrae.

134 865 210 955 His
225 862 498 965 animadve-Iis,
519 879 656 941 terram
672 858 796 940 multo
813 877 897 940 ante
910 881 1103 943 memento

133 1003 370 1113 Excoquere,
389 1019 427 1082 et
447 1027 604 1108 magnos
620 995 808 1080 scrobibus
830 999 1024 1082 concidere
1042 998 1205 1103 montes,'
1292 1094 1295 1102 ¹

127 1144 230 1224 Ante
246 1141 430 1251 supinatas
443 1136 627 1248 Aquiloni
642 1135 833 1218 ostendere
851 1136 988 1245 glebas,
1112 1146 1193 1222 261

127 1283 258 1396 Quam
274 1282 416 1363 laetum
432 1277 590 1361 infodias
608 1275 691 1358 vitis
707 1304 836 1387 genus.
867 1277 1011 1387 optima
1024 1276 1123 1388 putri
1178 1326 1183 1332 -

126 1424 230 1502 Arva
247 1420 347 1502 solo:
380 1420 416 1502 id
431 1419 532 1500 venti
549 1434 690 1516 curant,
704 1417 920 1526 gelidaeque
935 1419 1103 1528 pruinae,

128 1560 181 1638 Et
195 1557 375 1639 labefacta
393 1584 547 1639 movens
571 1555 740 1638 robustus
755 1558 888 1665 jugera
903 1555 1027 1641 folior.
1183 1605 1185 1610 ·

129 1699 183 1777 At
201 1697 229 1777 fi
247 1725 342 1807 quos
358 1695 460 1779 haud
480 1695 558 1777 ulla
573 1696 671 1776 viros
688 1694 877 1811 vigilantia
894 1694 1002 1806 fugit,
1110 1696 1196 1803 '253
1265 1723 1267 1727 ·

130 1836 233 1916 Ante
251 1834 380 1917 locum
399 1835 561 1916 limilem
573 1814 786 1943 exquirunt,
805 1835 870 1914 ubi
889 1836 1009 1943 prima
1023 1846 1170 1944 paretur

130 1975 338 2057 Arboribus
354 1975 467 2084 seges,
486 1992 524 2055 et
542 2002 620 2082 quo
640 2000 733 2053 mox
751 1973 889 2079 digesta
898 1973 1065 2053 feratur:
1179 2008 1182 2013 ·

130 2114 325 2194 Mutatam
344 2112 517 2220 ignorent
536 2110 657 2191 subito
674 2137 722 2191 ne
740 2108 878 2191 semina
893 2124 1068 2191 manetur

131 2255 237 2351 Quin
255 2253 370 2333 etiam
386 2253 481 2333 coeli
499 2253 691 2359 regionem
710 2253 751 2329 in
768 2252 904 2331 corrice
922 2252 1090 2358 ¹srgnant:
1292 2356 1295 2360 ῃ

131 2393 199 2488 Ut,
217 2418 296 2500 quo
310 2417 482 2502 quaeque
505 2389 621 2471 modo
638 2387 787 2488 steterit,
807 2417 880 2499 qua
898 2400 1001 2499 p'alte
1021 2370 1159 2470 'calores
1182 2434 1185 2440 ·

134 2533 330 2615 Austrinos
342 2533 478 2631 tulerit,
494 2554 588 2643 quae
605 2549 707 2640 terga
719 2530 917 2614 obverterit
931 2533 1006 2631 axi,
1113 2538 1194 2643 27l

132 2672 351 2754 Restituunt.
382 2671 535 2755 adeo-in
547 2667 681 2753 teneris
701 2671 934 2753 consuescere
950 2672 1118 2753 multum
1129 2670 1199 2752 ests

133 2812 317 2911 Collibus,
336 2840 384 2892 an
402 2813 516 2922 plano
532 2805 668 2893 melius
682 2812 725 2891 fit
741 2825 880 2922 ponere
894 2814 1014 2910 bites„

133 2955 282 3058 Quaere
302 2952 414 3062 prius.
445 2946 472 3031 sr
490 2951 638 3062 pinguis
661 2968 767 3059 e'g'ros
785 2950 971 3033 metabere
984 2949 1126 3060 campi,
1148 2986 1155 2998 ·
1205 3027 1207 3032 .

134 3091 259 3174 Densa
269 3091 365 3173 sere:
383 3092 423 3172 iu
439 3089 789 3199 densononsegnior
797 3091 910 3172 ubere
919 3089 1100 3174 Bacchus.
1116 3098 1203 3205 275

137 3231 213 3329 sn,
226 3229 381 3311 tumus
396 3230 536 3312 acerve
557 3215 874 3341 sorumcou‘erq'se
892 3231 1052 3341 sepnor,
1116 3210 1120 3217 “
1208 3284 1214 3295 .

136 3370 293 3479 Indulge
312 3369 529 3452 ordinibus:
561 3396 631 3450 nec
648 3369 764 3450 secius
781 3370 904 3450 omnis
919 3371 958 3450 in
978 3388 1145 3480 ungtrem

137 3510 343 3591 Arboribus
361 3512 485 3621 politis
498 3510 664 3591 sectovia
684 3510 802 3591 limite
816 3511 982 3620 quadret.

138 3653 194 3731 Ut
215 3652 319 3761 saepe
338 3654 479 3762 ingenti
497 3653 598 3733 bello
616 3680 709 3733 cum
726 3653 836 3760 longa
853 3650 1024 3733 cohortes

139 3789 332 3900 Explicuit
349 3793 458 3900 legio,
476 3811 513 3872 et
531 3807 668 3902 eampo
686 3792 784 3873 stetit
808 3816 944 3898 agmen
957 3805 1096 3900 aperto,
1119 3785 1205 3870 28⁹0

141 3931 389 4040 Direttaeque
408 3933 520 4034 acies,
541 3958 584 4012 uc
602 3934 674 4012 late
689 3931 843 4010 flumas
861 3930 984 4010 omnis

142 4071 243 4149 Aere
259 4069 438 4151 renidenti
453 4070 573 4171 tellus,
592 4072 756 4152 necdum
773 4068 922 4168 horrida
939 4069 1093 4152 miscent
1193 4048 1215 4109 .'

144 4205 303 4307 nocua,
318 4206 380 4291 seu
394 4209 528 4295 esurus
544 4184 953 4290 mensunusum
966 4204 1090 4288 anns.
1231 4280 1239 4289 .

612 4343 647 4440 F
679 4372 703 4431 2
1071 4336 1213 4420 Omnia
