2940 5190
294 347 367 469 4⁶
502 344 850 442 P.·Vracrn11
886 347 1168 475 Manonrs
1249 446 1257 463 .

295 551 334 630 st
352 575 440 630 vero
456 550 669 660 viciamque
688 549 793 648 seres,
806 548 997 661 vilemque
1014 556 1185 658 faselum,

293 693 380 773 Nec
401 689 609 773 Pelusiacae
625 719 756 773 curam
776 691 1014 802 aspernabere
1029 673 1163 798 lentis,
1358 801 1360 804 .

291 832 411 913 Haud
428 832 581 914 obscura
599 834 734 914 cadens
751 834 875 914 mittet
891 834 960 914 tibi
974 835 1076 946 signa
1093 841 1241 924 Bootes.

292 976 435 1087 Incipe,
450 995 488 1058 et
506 975 553 1056 ad
565 975 707 1056 medias
717 973 922 1055 sementem
932 978 1093 1061 extende
1112 982 1365 1098 pruinasa30

291 1116 440 1198 Idcirco
453 1116 560 1198 certis
570 1113 785 1196 dimensum
798 1113 963 1223 partibus
980 1115 1113 1201 orbem
1230 1145 1233 1149 ’

290 1257 363 1338 Per
381 1245 552 1338 duodena
570 1259 665 1365 regit
681 1254 816 1335 mundi
831 1254 894 1333 sol
914 1283 1045 1339 aureus
1066 1261 1171 1345 astra.
1241 1316 1244 1321 ·

291 1403 473 1511 Qinque
485 1417 612 1481 tenent
628 1396 778 1479 coelum
792 1423 934 1481 zonae:
956 1427 1119 1509 quarum
1127 1433 1201 1486 una
1212 1405 1367 1488 corusco

290 1547 444 1655 Semper
458 1543 533 1624 sole
550 1541 696 1640 rubens,
711 1558 749 1620 et
767 1539 904 1620 torrida
919 1540 1064 1653 semper
1075 1547 1124 1627 ab
1138 1547 1240 1656 igni:

288 1690 418 1786 Quam
433 1686 579 1766 circum
596 1702 783 1764 extremae
800 1680 929 1761 dextra
947 1680 1123 1795 laevaque
1149 1686 1361 1788 trahuntur,

288 1826 470 1908 Coerulea
486 1824 603 1933 glacie
618 1839 809 1905 concretae
830 1838 942 1929 atque
954 1821 1138 1908 imbribus
1158 1828 1255 1915 atris.
1274 1834 1361 1944 236

287 1967 370 2048 Has
387 1966 481 2050 inter
500 1965 754 2076 mediamque,
768 1963 867 2077 duae
881 1961 1101 2048 mortalibus
1112 1970 1232 2078 aegris

286 2106 451 2190 Munere
468 2086 654 2189 concessae
667 2106 811 2187 divum.
842 2101 903 2181 via
919 2100 1015 2182 setta
1033 2130 1100 2215 per
1114 2109 1258 2206 ambas,

287 2251 478 2362 Obliquus
492 2250 617 2362 quase
635 2248 827 2359 fignorum
839 2261 996 2326 verteret
1011 2248 1118 2335 ordo.
1265 2280 1361 2366 ¹239

285 2389 459 2472 Mundus
477 2410 519 2470 ut
544 2390 592 2469 ad
611 2385 804 2498 Scythiam
832 2381 1091 2494 Riphaeasque
1108 2389 1244 2473 arduus
1261 2421 1362 2475 arces

103 2640 106 2645 ἡ
284 2531 504 2640 Consurgit,
536 2531 718 2642 premitur
734 2527 877 2632 Libyae
897 2526 1060 2607 devexus
1078 2530 1119 2609 in
1136 2533 1289 2618 austros.

284 2662 363 2770 Hic
380 2691 507 2753 vertex
525 2669 632 2751 nobis
648 2669 793 2778 semper
806 2664 974 2746 sublimis
990 2705 1003 2764 3
1021 2687 1059 2747 at
1075 2668 1186 2752 illum

282 2809 363 2893 snb
380 2809 537 2922 pedibus
555 2811 646 2918 Styx
663 2825 740 2888 atra
756 2804 869 2902 videt,
887 2804 1088 2915 manesque
1106 2810 1296 2919 profundi.

212 3014 215 3023 ,
282 2951 481 3048 Maximus
498 2947 562 3031 hic
582 2944 840 3031 flexufinuoso
854 2943 1013 3025 elabitur
1026 2948 1156 3054 anguis

229 3065 245 3076 Ἣ
282 3090 452 3189 Circum,
462 3087 698 3199 perqueduas
710 3088 750 3166 in
763 3111 910 3166 morem
919 3082 1097 3181 fluminis,
1108 3088 1256 3182 Ardos,
1271 3113 1325 3196 24
1332 3107 1355 3200 ς

280 3228 430 3326 Arctos,
450 3227 593 3308 Oceani
613 3241 820 3308 metuentes
835 3249 997 3334 aequore
1013 3222 1119 3332 tingi.
1251 3288 1262 3305 .

280 3364 378 3467 Illic,
398 3383 441 3448 ut
457 3363 667 3476 perhibent,
684 3383 748 3446 aut
764 3360 984 3472 intempesta
1001 3360 1080 3442 filet
1097 3390 1176 3444 nox

281 3508 448 3617 Semper,
467 3523 504 3587 et
524 3506 676 3588 obtenta
693 3502 890 3586 densantur
904 3505 1017 3584 node
1034 3505 1209 3585 tenebrae
1218 3544 1233 3602 ;

279 3647 362 3726 Aut
379 3644 506 3726 redita
519 3645 626 3728 nobis
643 3646 803 3744 Aurora,
815 3643 994 3751 diemque
1005 3642 1172 3724 reducit:

277 3784 435 3895 Nosque
454 3785 520 3866 ubi
540 3787 683 3898 primus
697 3788 801 3897 equis
816 3787 937 3868 oriens
950 3784 1089 3865 afflavit
1099 3784 1255 3883 anhelis,
1270 3811 1357 3897 2-50
1382 3829 1386 3835 v

278 3923 363 4005 Illic
382 3925 457 4006 sera
470 3929 606 4011 rubens
619 3930 789 4012 accendit
799 3927 942 4008 lumina
958 3927 1097 4037 vesper.

277 4051 382 4141 Hinc
396 4053 629 4174 tempestates
642 4067 759 4148 dubio
776 4064 1000 4177 praediscere
1013 4064 1121 4147 coelo

277 4197 497 4285 Possumus:
514 4199 808 4324 hincmeffisque
821 4206 936 4306 diem,
949 4204 1171 4316 tempusque
1186 4198 1327 4283 serendi
1341 4230 1353 4281 :

1302 4336 1355 4418 Et
