2940 5190
235 319 339 431 'ror
456 320 512 423 Ρ.
551 321 823 419 Vraorurr
861 321 1144 422 Maronia

237 522 530 638 Pumicibusque
545 523 658 624 cavis,
688 521 891 634 anaeque
902 526 1177 643 arborieantro·
1258 537 1318 644 43

127 774 130 779 Ι
240 669 281 750 T
282 697 310 751 u
326 685 453 750 tamen
472 693 494 747 e
510 665 585 748 levi
606 664 743 747 rimosa
755 663 895 747 cubilia
911 662 1008 748 limo

240 808 357 916 Unge
368 800 499 888 fovens
510 805 670 903 circum,
701 821 849 889 etraraa
865 804 1082 918 sirperinjioe
1094 805 1258 893 fronde.

85 1018 90 1026 .
240 948 335 1033 Neu
351 949 505 1061 propius
522 945 628 1028 metir
645 960 777 1028 taxum
799 945 888 1045 fine,
919 975 1014 1029 neve
1033 951 1207 1032 rubente·

241 1080 324 1172 Ure
337 1089 426 1174 foco
438 1114 603 1187 cancros,
633 1085 727 1168 altae
742 1114 817 1168 neu
833 1087 944 1169 crede
961 1086 1117 1199 paludi:

241 1232 328 1315 Aut
341 1231 408 1313 ubi
420 1229 514 1315 odor
529 1229 638 1311 coeni
650 1228 783 1336 gravia,
815 1247 881 1309 aut
893 1228 960 1309 ubi
973 1256 1137 1311 concava
1150 1226 1260 1340 pulsu

243 1371 340 1452 Saxa
362 1371 505 1468 sonant,
532 1369 709 1478 vocisque
723 1368 864 1451 offensa
875 1368 1023 1452 resultat
1034 1397 1174 1481 imago
1263 1398 1322 1481 50

242 1512 362 1615 Quod
382 1509 554 1623 superest,
581 1509 648 1590 ubi
667 1510 814 1620 pulsam
829 1509 1012 1620 hyemem
1029 1510 1083 1593 sol
1099 1541 1230 1596 aureus
1246 1512 1324 1623 egit

243 1650 324 1732 Sub
337 1668 461 1749 terrae,
492 1648 720 1758 coelumque
737 1649 872 1733 aestiva
889 1649 974 1732 luce
985 1650 1157 1737 reclutit:

242 1787 338 1875 Illae
351 1789 532 1872 continuo
547 1787 659 1870 saluit
672 1788 864 1898 sylvasque
879 1810 1087 1901 peragrant,

242 1930 529 2046 Purpureosque
545 1947 694 2013 metunt
713 1929 834 2031 florea,
865 1950 904 2012 et
922 1929 1082 2014 flumina
1094 1932 1211 2015 libant

245 2080 406 2162 Summa
421 2074 533 2157 leves.
557 2072 661 2172 hinc,
680 2074 804 2157 nescio
822 2102 897 2185 qua
919 2074 1118 2159 dulcedine
1135 2077 1251 2159 laetae
1267 2108 1288 2190 5
1297 2104 1322 2190 5

242 2208 470 2326 Progeniem
487 2208 670 2324 nidosque
684 2213 838 2295 fovent:
871 2214 961 2295 hinc
977 2235 1056 2297 arte
1073 2236 1237 2312 recmtes

244 2358 454 2444 Excudunt
469 2383 584 2453 cerae,
613 2372 653 2436 et
669 2354 783 2437 mella
799 2354 943 2438 tenacia
959 2354 1119 2466 fingunt.

245 2500 353 2586 Hinc
371 2500 438 2581 ubi
448 2499 532 2607 jam
549 2489 723 2580 emissum
741 2498 861 2589 caveis
880 2498 928 2579 ad
948 2493 1063 2581 sidera
1080 2499 1176 2580 coeli

244 2638 352 2725 Nare
368 2665 434 2748 per
451 2636 629 2719 aestatem
646 2636 831 2745 liquidam
848 2632 1055 2747 suspexeris
1072 2656 1223 2747 agmen,

244 2776 533 2889 obscuramque
551 2773 649 2858 trahi
667 2795 780 2859 vento
795 2776 978 2858 mirabere
997 2779 1168 2877 nubem,
1265 2784 1322 2862 60

245 2921 557 3033 Contemplator:
589 2948 704 3030 aquas
720 2919 849 3001 dulces
865 2937 904 3002 et
921 2913 1078 3002 frondea
1096 2920 1241 3031 semper

247 3064 375 3190 'reela
387 3079 531 3170 petunt.
558 3058 637 3139 huc
655 3078 697 3140 tu
709 3059 823 3167 jussos
843 3060 992 3191 asperge
1009 3060 1166 3168 sapores,

247 3201 358 3284 Trita
373 3196 621 3308 melisphylla,
653 3216 691 3278 et
704 3197 893 3283 cerinthae
908 3197 1072 3308 ignobile
1089 3223 1263 3306 grainan:
1338 3211 1341 3214 ’

246 3337 502 3448 Tinnitusque
519 3339 589 3436 cie,
621 3356 659 3419 et
673 3338 810 3420 Matris
829 3358 939 3447 quate
957 3338 1132 3446 cymbala
1149 3338 1307 3418 circum.
1406 3404 1412 3411 .

246 3478 354 3591 lpsae
370 3477 562 3558 consident
577 3476 770 3577 medicatis
785 3477 954 3559 sedibus:
986 3478 1083 3587 ipsae
1268 3481 1292 3559 ὁ
1300 3504 1324 3588 5

247 3617 390 3706 Intima
408 3644 513 3699 more
531 3616 598 3698 suo
615 3615 745 3698 sesain
762 3616 949 3699 cunabula
965 3617 1142 3703 condent.

251 3762 317 3846 Sin
334 3776 462 3843 autem
482 3759 531 3842 ad
547 3785 718 3869 pugnam
735 3759 893 3843 exierint
916 3762 1025 3870 (nam
1042 3758 1147 3868 saepe
1162 3755 1312 3839 duobus

247 3901 418 4010 Regibus
434 3900 577 3983 incellit
591 3927 733 4011 magno
751 3900 930 3985 discordia
946 3894 1074 4005 motu)

250 4039 518 4149 Continuoque
536 4040 682 4121 animos
697 4038 812 4150 vulgi,
844 4057 882 4121 et
901 4039 1121 4154 trepidantia
1134 4036 1238 4121 bello

104 4179 110 4191 “
250 4175 378 4264 Corda
389 4175 476 4260 licet
489 4176 601 4290 longo
614 4170 875 4292 pmeseiscerer
892 4171 1327 4298 namquemorantee7o

1166 4318 1335 4405 Martius
