2940 5190
342 356 687 479 Bne-orrea
737 383 880 485 Ecu-
916 376 977 476 X:
1029 411 1056 422 ”
1132 407 1196 508 35

116 566 195 692 Ν’Τιι
209 587 340 699 procul
354 616 376 667 a
389 588 506 697 patria
521 589 609 700 (nec
627 586 670 666 fit
686 582 783 664 mihi
794 578 961 688 credere)
977 596 1129 663 tantum
1166 616 1169 620 *
1190 615 1195 624 ·

126 729 474 841 Alpinas,-ahdura‚
493 731 609 824 nives,
620 744 658 810 et
671 726 808 834 frigora
823 725 952 808 Rheni
1088 794 1092 803 ,

125 869 198 951 Me
214 871 289 951 fine
302 870 379 951 sola
392 870 507 952 vides.
538 869 601 965 ah,
617 888 653 949 te
670 895 716 947 ne
730 865 868 975 frigora
886 866 1055 949 laedant!

123 1008 191 1090 Ah
209 1012 278 1091 tibi
302 1038 350 1091 ne
362 1028 505 1090 teneras
523 1009 657 1118 glacies
674 1007 770 1087 secet
789 1008 913 1115 aspera
928 1007 1091 1117 plantasl

123 1149 208 1248 Ibo,
224 1168 261 1230 et
278 1146 500 1229 Chalcidico
517 1175 614 1256 quae
638 1146 722 1227 sunt
735 1143 832 1227 mihi
847 1147 998 1227 condita
1014 1144 1119 1241 versu
1130 1172 1194 1255 50

122 1289 302 1371 Carmina
317 1287 473 1398 pastoris
490 1288 604 1369 Siculi
623 1285 846 1368 modulabor
857 1312 985 1370 avena.

123 1428 283 1508 Certum
295 1427 350 1508 est
361 1428 401 1508 in
412 1425 533 1536 sylvis,
551 1428 646 1511 inter
662 1425 803 1537 spelaea
815 1425 994 1523 ferarum,

124 1565 248 1647 Malle
264 1568 352 1676 pati,
367 1567 573 1678 tenerisque
587 1594 692 1650 meos
710 1567 871 1649 incidere
880 1593 1031 1649 amores

123 1704 358 1787 Arboribus:
389 1707 551 1788 crescent
567 1705 676 1787 illae:
708 1707 873 1788 crescetis
889 1734 1047 1790 amores.

121 1846 266 1926 Interea
284 1846 413 1926 mixtis
426 1846 586 1928 lustrabo
598 1847 774 1927 Maenala
791 1846 1001 1957 Nymphis,
1135 1865 1158 1954 ς
1166 1841 1195 1952 ς’

121 1986 202 2064 Aut
219 2011 318 2065 acres
332 1986 493 2067 venabor
506 2014 627 2095 apros.
658 2015 736 2066 non
754 2014 817 2066 me
831 1986 907 2065 ulla
918 1985 1096 2066 vetabunt
1295 1980 1298 1985 ’

121 2122 276 2231 Frigora
289 2119 506 2204 Parthenios
523 2122 676 2203 canibus
694 2123 909 2204 circundare
923 2122 1045 2204 saltus.
1062 2156 1069 2164 ³
1197 2110 1202 2120 ⁸

121 2262 212 2366 Jam
228 2258 326 2339 mihi
347 2286 413 2366 per
426 2287 536 2370 rupes
550 2258 677 2339 videor
689 2259 866 2367 lucosque
880 2258 1046 2338 sonantes
1139 2301 1142 2309 ·

124 2402 183 2479 Ire
198 2431 209 2480 :
241 2396 332 2477 libet
346 2397 484 2479 Partho
503 2419 674 2507 torquere
687 2399 859 2508 Cydonia
875 2423 995 2478 comu

122 2538 298 2651 Spicula:
342 2555 524 2648 tanquam
541 2538 643 2631 haec
667 2537 737 2631 fint
766 2539 882 2637 nostri
905 2538 1098 2639 ¹medicina
1127 2533 1194 2620 fu·

304 2677 409 2777 roris,
1134 2683 1194 2765 60

122 2821 205 2899 Aut
222 2817 313 2898 deus
330 2816 393 2898 ille
409 2815 518 2897 malis
541 2816 745 2900 hominum
763 2818 953 2899 mitescere
976 2818 1102 2900 discat.

123 2959 214 3066 Jam
244 2984 366 3065 neque
402 2956 686 3059 Hamadryades
721 2957 882 3057 rursum,
923 2983 994 3037 nec
1031 2952 1196 3036 carnrina

309 3098 418 3179 nobis

123 3239 205 3350 Ipsa
219 3239 394 3350 placent:
422 3238 519 3348 ipsae
537 3237 682 3318 rursum
699 3238 892 3319 concedite
918 3235 1051 3346 sylvae.

122 3380 218 3461 Non
236 3379 348 3458 illum
366 3378 479 3458 nostri
496 3374 645 3487 poliunt
668 3396 812 3458 mutare
837 3377 1007 3476 labores;

121 3518 209 3600 Nec
229 3519 258 3598 fi
284 3516 640 3627 frigoribuslmediis
659 3516 909 3626 Hebrumque
927 3519 1115 3616 bibamus,
1136 3521 1160 3601 6
1167 3543 1192 3628 ς

124 3656 382 3765 Sithoniasque
407 3658 509 3738 nives
531 3656 680 3764 hyemis
699 3656 896 3738 subeamus
921 3655 1103 3766 aquosae:

122 3798 210 3879 Nec
224 3798 264 3895 fi,
285 3825 378 3879 cum
394 3798 557 3878 moriens
575 3796 651 3876 alta
666 3795 758 3876 liber
770 3817 848 3878 aret
861 3800 901 3877 in
918 3797 1039 3895 ulmo,

123 3935 363 4047 Aethiopum
385 3936 572 4017 versemus
588 3961 676 4016 oves
697 3934 765 4015 sub
792 3934 906 4016 fidere
926 3933 1075 4019 Cancri.

124 4074 270 4158 Omnia
281 4077 398 4158 vincit
411 4103 538 4178 amor:
566 4093 604 4157 et
616 4103 686 4157 nos
703 4073 882 4156 cedamus
901 4074 1036 4160 amori.

636 4350 731 4465 ,οι
1079 4348 1219 4465 aa
