2940 5190
421 405 1023 502 Anumoos.L1n.I..
1157 436 1255 529 149

179 607 282 716 Ergo
293 602 353 688 his
365 607 548 719 aligerum
561 610 669 691 dietis
683 609 817 693 affatur
833 578 1027 696 amorem:r
1205 719 1208 725 Ι

179 749 294 846 Nate,
312 775 419 830 meae
429 752 535 854 vires,
551 780 637 832 mea
650 779 787 858 magna
801 752 979 860 potentia,
998 750 1108 853 solus,

176 887 291 988 Nate,
314 891 426 1000 patria
440 892 580 972 summi
593 894 659 1002 qui
670 891 743 972 tela
757 889 945 999 Typho’e‘a
959 894 1117 979 temnis:

177 1030 243 1109 Ad
257 1048 294 1111 te
312 1031 504 1139 confugio,
525 1049 563 1113 et
579 1032 735 1144 supplex
753 1051 817 1112 tua
831 1035 991 1116 numina
1003 1036 1128 1145 posc0.
1163 1038 1250 1150 670

177 1171 363 1254 Fraterut
378 1176 523 1254 Aeneas
537 1173 670 1284 pelago
688 1192 773 1255 tuus
788 1175 920 1256 omnia
934 1178 1078 1257 circum

179 1311 313 1392 Litora·
320 1316 491 1420 jactetur,
511 1315 605 1395 odiis
618 1317 777 1422 Junonis
795 1317 958 1425 iniquae,

178 1451 285 1533 Nota
300 1455 388 1536 tibi:
420 1474 458 1536 et
474 1455 601 1538 nostro
613 1457 763 1538 doluisti
781 1458 887 1569 saepe
904 1460 1047 1544 dolore.

179 1592 299 1676 Hunc
312 1593 509 1679 Phoenissa
521 1615 621 1680 tenet
638 1599 755 1700 Dido,
775 1594 992 1711 blandisque
1013 1619 1180 1686 moratur

178 1731 370 1818 Vocibus:
401 1755 439 1818 et
455 1765 597 1837 vereor,
612 1769 688 1850 quo
706 1740 742 1821 se
755 1741 920 1848 Junonia
937 1760 1081 1824 vertant
1163 1748 1250 1860 675

177 1876 375 1988 Hospitia.·
395 1877 497 1962 haud
513 1882 626 1981 tanto¹
637 1882 788 1963 cessabit
799 1884 951 1965 ¹cardine
967 1878 1109 1972 rer'um.
1126 1984 1131 1988 ,

178 2017 367 2125 roirca
387 2047 517 2127 capere
535 2038 620 2100 ante
639 2020 734 2100 dolis
754 2041 791 2100 et
819 2024 967 2133 cingere
981 2025 1138 2107 flamma

180 2154 376 2262 Reginam
385 2156 567 2255 meditor;
587 2185 635 2237 ne
653 2187 730 2266 quo
742 2159 777 2238 se
792 2161 947 2241 numine
966 2179 1087 2241 mutet
1096 2200 1111 2259 ς

179 2293 252 2373 Sed
280 2321 420 2401 magno
441 2298 592 2374 Aeneae
616 2324 769 2375 mecum
790 2316 957 2377 teneatur
972 2326 1112 2379 amore.

179 2435 269 2540 Qa
286 2435 408 2515 facere
428 2434 467 2515 id
480 2435 604 2545 poffis,
621 2436 786 2517 nostram
799 2467 900 2521 nunc
919 2439 1046 2549 accipe
1061 2455 1243 2522 mentem.

178 2573 336 2683 Regius,
355 2573 475 2656 accitu
493 2571 596 2654 chari
615 2575 803 2684 genitoris,
823 2577 870 2655 ad
890 2577 1024 2658 urbem
1166 2578 1250 2664 68ι
1399 2623 1402 2628 ·

178 2715 371 2799 Sidoniam
388 2743 482 2822 puer
502 2715 554 2794 ire
570 2735 685 2824 parat,
706 2745 791 2797 mea
811 2719 979 2798 maxima
992 2748 1094 2815 cura,

178 2857 292 2936 Dona
310 2854 429 2934 ferens
441 2853 573 2964 pelago
586 2873 623 2934 et
643 2855 807 2938 flammis
825 2856 994 2939 restantia
1004 2859 1162 2966 Trojae.

177 2994 296 3075 Hunc
312 3021 384 3101 ego
404 2994 569 3102 sopitum
580 2993 727 3129 ippone,
748 2996 857 3106 super
864 2995 941 3113 alta
959 2993 1137 3105 Cythera,

21 3174 25 3183 ,
177 3136 259 3213 Aut
273 3133 379 3244 super
392 3131 568 3231 Idalium,
585 3132 721 3215 sacrata
738 3133 821 3214 sede
840 3134 1067 3221 recondam:
1167 3135 1222 3219 68
1228 3163 1254 3249 5

176 3275 241 3354 Ne
257 3301 331 3382 qua
345 3272 434 3353 scire
449 3271 566 3368 dolos,
583 3272 774 3353 mediusve
788 3300 981 3362 occurrere
997 3273 1118 3384 possit.

176 3413 243 3494 Tu
263 3413 401 3498 faciem
415 3411 524 3512 illius,
541 3416 691 3493 noetem
707 3441 782 3492 non
802 3413 963 3524 amplius
984 3442 1115 3513 unam,
1254 3398 1257 3403 ¹

178 3552 283 3636 Falle
294 3553 396 3655 dolo,
410 3572 448 3636 et
459 3573 567 3636 notos
577 3555 683 3665 pueri
696 3583 786 3663 puer
798 3556 911 3637 indue
922 3553 1070 3637 vultus:

178 3694 247 3791 Ut,
260 3723 351 3776 cum
371 3713 408 3776 te
419 3695 563 3805 gremio
574 3694 731 3803 accipiet
743 3691 936 3775 laetiffima
952 3692 1070 3789 Dido,

178 3834 338 3944 Regales
357 3837 452 3917 inter
463 3834 608 3917 mensas
619 3834 846 3940 laticemque
858 3837 1043 3942 Lyaeum,
1166 3833 1256 3942 690

92 3959 96 3972 ’
178 3974 283 4054 Cum
296 3974 400 4055 dabit
417 3974 613 4086 amplexus
630 3989 744 4085 atque
755 3971 880 4054 oscula
890 3969 1016 4051 dulcia
1028 3969 1131 4087 figet,

176 4112 386 4195 Occultum
402 4113 552 4225 inspires
564 4115 704 4224 ignem,
725 4111 901 4222 fallasque
915 4139 1072 4194 veneno.

176 4260 284 4347 Paret
298 4283 404 4343 amor
418 4257 527 4341 diuis
540 4255 673 4339 charae
691 4256 900 4363 genetricis,
915 4271 952 4334 et
970 4251 1044 4338 alas

663 4397 699 4478 L
733 4425 756 4510 3
943 4500 945 4507 Ι
1128 4385 1261 4487 Exuit,
