<?xml version="1.0" encoding="UTF-8"?>
<!DOCTYPE html PUBLIC "-//W3C//DTD XHTML 1.0 Transitional//EN"
    "http://www.w3.org/TR/xhtml1/DTD/xhtml1-transitional.dtd">
<html xmlns="http://www.w3.org/1999/xhtml" xml:lang="en" lang="en">
 <head>
  <title>
</title>
<meta http-equiv="Content-Type" content="text/html;charset=utf-8" />
  <meta name='ocr-system' content='tesseract 3.04.00' />
  <meta name='ocr-capabilities' content='ocr_page ocr_carea ocr_par ocr_line ocrx_word'/>
</head>
<body>
  <div class='ocr_page' id='page_1' title='image "./publiivirgiliim01schegoog/publiivirgiliim01schegoog_0125.png"; bbox 0 0 2940 5190; ppageno 0'>
   <div class='ocr_carea' id='block_1_1' title="bbox 295 304 1162 408">
    <p class='ocr_par' dir='ltr' id='par_1_1' title="bbox 295 304 1162 408">
     <span class='ocr_line' id='line_1_1' title="bbox 295 304 1162 408; baseline 0.008 -6"><span class='ocrx_word' id='word_1_1' title='bbox 295 311 360 406; x_wconf 92' lang='lat'>60</span> <span class='ocrx_word' id='word_1_2' title='bbox 501 306 550 402; x_wconf 87' lang='lat' dir='ltr'>P.</span> <span class='ocrx_word' id='word_1_3' title='bbox 588 304 1162 408; x_wconf 75' lang='lat' dir='ltr'>V1noru11Mnnours</span> 
     </span>
    </p>
   </div>
   <div class='ocr_carea' id='block_1_2' title="bbox 184 506 1348 4086">
    <p class='ocr_par' dir='ltr' id='par_1_2' title="bbox 288 506 1092 616">
     <span class='ocr_line' id='line_1_2' title="bbox 288 506 1092 616; baseline 0.001 -24"><span class='ocrx_word' id='word_1_4' title='bbox 288 509 487 592; x_wconf 87' lang='lat' dir='ltr'>Castaneae</span> <span class='ocrx_word' id='word_1_5' title='bbox 500 508 618 616; x_wconf 83' lang='lat' dir='ltr'>sagos,</span> <span class='ocrx_word' id='word_1_6' title='bbox 633 506 815 615; x_wconf 89' lang='lat' dir='ltr'>ornusque</span> <span class='ocrx_word' id='word_1_7' title='bbox 827 508 991 590; x_wconf 88' lang='lat' dir='ltr'>incanuit</span> <span class='ocrx_word' id='word_1_8' title='bbox 1006 512 1092 593; x_wconf 91' lang='lat' dir='ltr'>albo</span> 
     </span>
    </p>

    <p class='ocr_par' dir='ltr' id='par_1_3' title="bbox 283 644 1348 1040">
     <span class='ocr_line' id='line_1_3' title="bbox 287 644 1278 758; baseline 0.009 -29"><span class='ocrx_word' id='word_1_9' title='bbox 287 648 399 733; x_wconf 83' lang='lat' dir='ltr'>Flore</span> <span class='ocrx_word' id='word_1_10' title='bbox 415 650 511 758; x_wconf 87' lang='lat' dir='ltr'>pyri,</span> <span class='ocrx_word' id='word_1_11' title='bbox 541 644 791 757; x_wconf 84' lang='lat' dir='ltr'><strong>glandemque</strong></span> <span class='ocrx_word' id='word_1_12' title='bbox 808 645 887 727; x_wconf 89' lang='lat' dir='ltr'>sues</span> <span class='ocrx_word' id='word_1_13' title='bbox 904 647 1044 758; x_wconf 85' lang='lat' dir='ltr'>fregere</span> <span class='ocrx_word' id='word_1_14' title='bbox 1061 652 1129 734; x_wconf 93' lang='lat' dir='ltr'>sub</span> <span class='ocrx_word' id='word_1_15' title='bbox 1150 653 1278 746; x_wconf 67' lang='lat' dir='ltr'>ulmis,</span> 
     </span>
     <span class='ocr_line' id='line_1_4' title="bbox 283 786 1348 907; baseline 0.005 -32"><span class='ocrx_word' id='word_1_16' title='bbox 283 790 373 875; x_wconf 91' lang='lat' dir='ltr'>Nec</span> <span class='ocrx_word' id='word_1_17' title='bbox 386 788 523 870; x_wconf 88' lang='lat' dir='ltr'>modus</span> <span class='ocrx_word' id='word_1_18' title='bbox 535 786 688 869; x_wconf 89' lang='lat' dir='ltr'>inserere</span> <span class='ocrx_word' id='word_1_19' title='bbox 697 804 808 896; x_wconf 90' lang='lat' dir='ltr'>atque</span> <span class='ocrx_word' id='word_1_20' title='bbox 818 787 946 868; x_wconf 89' lang='lat' dir='ltr'>oculos</span> <span class='ocrx_word' id='word_1_21' title='bbox 963 789 1156 901; x_wconf 86' lang='lat' dir='ltr'>imponere</span> <span class='ocrx_word' id='word_1_22' title='bbox 1171 796 1348 907; x_wconf 75' lang='lat' dir='ltr'>simplex:</span> 
     </span>
     <span class='ocr_line' id='line_1_5' title="bbox 284 921 1267 1040; baseline 0.002 -25"><span class='ocrx_word' id='word_1_23' title='bbox 284 931 393 1015; x_wconf 87' lang='lat' dir='ltr'>Nam</span> <span class='ocrx_word' id='word_1_24' title='bbox 411 957 486 1039; x_wconf 89' lang='lat' dir='ltr'>qua</span> <span class='ocrx_word' id='word_1_25' title='bbox 503 927 540 1009; x_wconf 90' lang='lat' dir='ltr'>se</span> <span class='ocrx_word' id='word_1_26' title='bbox 557 921 684 1008; x_wconf 86' lang='lat' dir='ltr'>medio</span> <span class='ocrx_word' id='word_1_27' title='bbox 696 924 850 1007; x_wconf 88' lang='lat' dir='ltr'>trudunt</span> <span class='ocrx_word' id='word_1_28' title='bbox 862 925 909 1006; x_wconf 89' lang='lat' dir='ltr'>de</span> <span class='ocrx_word' id='word_1_29' title='bbox 927 931 1063 1012; x_wconf 90' lang='lat' dir='ltr'>cortice</span> <span class='ocrx_word' id='word_1_30' title='bbox 1082 960 1267 1040; x_wconf 84' lang='lat' dir='ltr'>gemmae,</span> 
     </span>
    </p>

    <p class='ocr_par' dir='ltr' id='par_1_4' title="bbox 280 1065 1345 1457">
     <span class='ocr_line' id='line_1_6' title="bbox 284 1065 1345 1190; baseline 0.006 -42"><span class='ocrx_word' id='word_1_31' title='bbox 284 1069 338 1149; x_wconf 88' lang='lat' dir='ltr'>Et</span> <span class='ocrx_word' id='word_1_32' title='bbox 353 1083 483 1148; x_wconf 89' lang='lat' dir='ltr'>tenues</span> <span class='ocrx_word' id='word_1_33' title='bbox 501 1082 682 1175; x_wconf 89' lang='lat' dir='ltr'>rumpunt</span> <span class='ocrx_word' id='word_1_34' title='bbox 698 1065 853 1166; x_wconf 70' lang='lat' dir='ltr'>arnicas,</span> <span class='ocrx_word' id='word_1_35' title='bbox 873 1067 1048 1174; x_wconf 85' lang='lat' dir='ltr'>angustus</span> <span class='ocrx_word' id='word_1_36' title='bbox 1061 1071 1101 1152; x_wconf 91' lang='lat' dir='ltr'>in</span> <span class='ocrx_word' id='word_1_37' title='bbox 1117 1073 1197 1184; x_wconf 91' lang='lat' dir='ltr'>ipso</span> <span class='ocrx_word' id='word_1_38' title='bbox 1288 1105 1314 1190; x_wconf 92' lang='lat'>7</span> <span class='ocrx_word' id='word_1_39' title='bbox 1321 1105 1345 1189; x_wconf 80' lang='lat'><em>5</em></span> 
     </span>
     <span class='ocr_line' id='line_1_7' title="bbox 282 1204 1212 1320; baseline 0.003 -29"><span class='ocrx_word' id='word_1_40' title='bbox 282 1206 347 1291; x_wconf 87' lang='lat' dir='ltr'>Fit</span> <span class='ocrx_word' id='word_1_41' title='bbox 362 1207 464 1289; x_wconf 93' lang='lat' dir='ltr'>nodo</span> <span class='ocrx_word' id='word_1_42' title='bbox 480 1207 599 1288; x_wconf 90' lang='lat' dir='ltr'>finus:</span> <span class='ocrx_word' id='word_1_43' title='bbox 631 1205 708 1287; x_wconf 93' lang='lat' dir='ltr'>huc</span> <span class='ocrx_word' id='word_1_44' title='bbox 725 1204 843 1309; x_wconf 84' lang='lat' dir='ltr'>aliena</span> <span class='ocrx_word' id='word_1_45' title='bbox 852 1232 901 1284; x_wconf 85' lang='lat' dir='ltr'>ex</span> <span class='ocrx_word' id='word_1_46' title='bbox 917 1207 1046 1290; x_wconf 91' lang='lat' dir='ltr'>arbore</span> <span class='ocrx_word' id='word_1_47' title='bbox 1058 1239 1212 1320; x_wconf 85' lang='lat' dir='ltr'>germen</span> 
     </span>
     <span class='ocr_line' id='line_1_8' title="bbox 280 1345 1164 1457; baseline 0.002 -25"><span class='ocrx_word' id='word_1_48' title='bbox 280 1349 500 1445; x_wconf 87' lang='lat' dir='ltr'>Includunt,</span> <span class='ocrx_word' id='word_1_49' title='bbox 518 1347 667 1457; x_wconf 83' lang='lat' dir='ltr'>udoque</span> <span class='ocrx_word' id='word_1_50' title='bbox 688 1346 824 1427; x_wconf 88' lang='lat' dir='ltr'>docent</span> <span class='ocrx_word' id='word_1_51' title='bbox 842 1345 1038 1430; x_wconf 90' lang='lat' dir='ltr'>inolescere</span> <span class='ocrx_word' id='word_1_52' title='bbox 1055 1350 1164 1434; x_wconf 86' lang='lat' dir='ltr'>libro.</span> 
     </span>
    </p>

    <p class='ocr_par' dir='ltr' id='par_1_5' title="bbox 281 1488 1244 1715">
     <span class='ocr_line' id='line_1_9' title="bbox 284 1488 1186 1588; baseline 0.001 -15"><span class='ocrx_word' id='word_1_53' title='bbox 284 1493 368 1573; x_wconf 82' lang='lat' dir='ltr'>Aut</span> <span class='ocrx_word' id='word_1_54' title='bbox 379 1489 524 1570; x_wconf 88' lang='lat' dir='ltr'>rursum</span> <span class='ocrx_word' id='word_1_55' title='bbox 541 1488 677 1570; x_wconf 87' lang='lat' dir='ltr'>enodes</span> <span class='ocrx_word' id='word_1_56' title='bbox 689 1488 810 1566; x_wconf 90' lang='lat' dir='ltr'>trunci</span> <span class='ocrx_word' id='word_1_57' title='bbox 825 1488 1044 1588; x_wconf 86' lang='lat' dir='ltr'>resecantur,</span> <span class='ocrx_word' id='word_1_58' title='bbox 1058 1511 1096 1573; x_wconf 91' lang='lat' dir='ltr'>et</span> <span class='ocrx_word' id='word_1_59' title='bbox 1112 1493 1186 1573; x_wconf 89' lang='lat' dir='ltr'>alte</span> 
     </span>
     <span class='ocr_line' id='line_1_10' title="bbox 281 1628 1244 1715; baseline 0.002 -3"><span class='ocrx_word' id='word_1_60' title='bbox 281 1630 455 1712; x_wconf 86' lang='lat' dir='ltr'>Finditur</span> <span class='ocrx_word' id='word_1_61' title='bbox 472 1629 513 1710; x_wconf 88' lang='lat' dir='ltr'>in</span> <span class='ocrx_word' id='word_1_62' title='bbox 529 1628 689 1711; x_wconf 88' lang='lat' dir='ltr'>solidum</span> <span class='ocrx_word' id='word_1_63' title='bbox 702 1628 829 1708; x_wconf 87' lang='lat' dir='ltr'>cuneis</span> <span class='ocrx_word' id='word_1_64' title='bbox 842 1629 922 1707; x_wconf 89' lang='lat' dir='ltr'>via:</span> <span class='ocrx_word' id='word_1_65' title='bbox 952 1631 1087 1714; x_wconf 92' lang='lat' dir='ltr'>deinde</span> <span class='ocrx_word' id='word_1_66' title='bbox 1106 1633 1244 1715; x_wconf 88' lang='lat' dir='ltr'>feraces</span> 
     </span>
    </p>

    <p class='ocr_par' dir='ltr' id='par_1_6' title="bbox 184 1750 1344 2438">
     <span class='ocr_line' id='line_1_11' title="bbox 184 1750 1333 1882; baseline 0.002 -30"><span class='ocrx_word' id='word_1_67' title='bbox 184 1751 186 1754; x_wconf 5' lang='grc' dir='ltr'><em>Α</em></span> <span class='ocrx_word' id='word_1_68' title='bbox 280 1769 435 1854; x_wconf 83' lang='lat' dir='ltr'>Plantae</span> <span class='ocrx_word' id='word_1_69' title='bbox 449 1770 714 1851; x_wconf 88' lang='lat' dir='ltr'>immittuntur.</span> <span class='ocrx_word' id='word_1_70' title='bbox 733 1794 802 1849; x_wconf 89' lang='lat' dir='ltr'>nec</span> <span class='ocrx_word' id='word_1_71' title='bbox 816 1765 974 1874; x_wconf 85' lang='lat' dir='ltr'>longum</span> <span class='ocrx_word' id='word_1_72' title='bbox 982 1787 1144 1882; x_wconf 87' lang='lat' dir='ltr'>tempus,</span> <span class='ocrx_word' id='word_1_73' title='bbox 1159 1750 1333 1881; x_wconf 84' lang='lat' dir='ltr'>etingens</span> 
     </span>
     <span class='ocr_line' id='line_1_12' title="bbox 281 1904 1342 2008; baseline 0.003 -19"><span class='ocrx_word' id='word_1_74' title='bbox 281 1910 387 1989; x_wconf 88' lang='lat' dir='ltr'>Exiit</span> <span class='ocrx_word' id='word_1_75' title='bbox 405 1908 452 1989; x_wconf 92' lang='lat' dir='ltr'>ad</span> <span class='ocrx_word' id='word_1_76' title='bbox 469 1908 620 1989; x_wconf 83' lang='lat' dir='ltr'>coelum</span> <span class='ocrx_word' id='word_1_77' title='bbox 636 1907 748 1988; x_wconf 91' lang='lat' dir='ltr'>ramis</span> <span class='ocrx_word' id='word_1_78' title='bbox 759 1904 930 1988; x_wconf 88' lang='lat' dir='ltr'>felicibus</span> <span class='ocrx_word' id='word_1_79' title='bbox 946 1911 1065 2008; x_wconf 87' lang='lat' dir='ltr'>arbos,</span> <span class='ocrx_word' id='word_1_80' title='bbox 1256 1917 1342 2002; x_wconf 57' lang='lat'>&gt;81</span> 
     </span>
     <span class='ocr_line' id='line_1_13' title="bbox 281 2045 1344 2160; baseline 0 -28"><span class='ocrx_word' id='word_1_81' title='bbox 281 2048 519 2157; x_wconf 71' lang='lat' dir='ltr'>Miraturque</span> <span class='ocrx_word' id='word_1_82' title='bbox 536 2074 648 2135; x_wconf 89' lang='lat' dir='ltr'>novas</span> <span class='ocrx_word' id='word_1_83' title='bbox 662 2045 823 2141; x_wconf 90' lang='lat' dir='ltr'>frondes,</span> <span class='ocrx_word' id='word_1_84' title='bbox 837 2061 874 2125; x_wconf 90' lang='lat' dir='ltr'>et</span> <span class='ocrx_word' id='word_1_85' title='bbox 887 2073 964 2129; x_wconf 92' lang='lat' dir='ltr'>non</span> <span class='ocrx_word' id='word_1_86' title='bbox 982 2047 1044 2130; x_wconf 88' lang='lat' dir='ltr'>sua</span> <span class='ocrx_word' id='word_1_87' title='bbox 1053 2077 1181 2160; x_wconf 84' lang='lat' dir='ltr'>poma.</span> <span class='ocrx_word' id='word_1_88' title='bbox 1280 2109 1283 2113; x_wconf 86' lang='lat'><em>-</em></span> <span class='ocrx_word' id='word_1_89' title='bbox 1341 2080 1344 2084; x_wconf 90' lang='lat'>·</span> 
     </span>
     <span class='ocr_line' id='line_1_14' title="bbox 281 2183 1287 2297; baseline 0.003 -27"><span class='ocrx_word' id='word_1_90' title='bbox 281 2183 493 2272; x_wconf 88' lang='lat' dir='ltr'>Praeteraea</span> <span class='ocrx_word' id='word_1_91' title='bbox 510 2214 627 2297; x_wconf 87' lang='lat' dir='ltr'>genus</span> <span class='ocrx_word' id='word_1_92' title='bbox 638 2184 741 2267; x_wconf 89' lang='lat' dir='ltr'>haud</span> <span class='ocrx_word' id='word_1_93' title='bbox 753 2212 886 2283; x_wconf 89' lang='lat' dir='ltr'>unum,</span> <span class='ocrx_word' id='word_1_94' title='bbox 901 2213 970 2266; x_wconf 87' lang='lat' dir='ltr'>nec</span> <span class='ocrx_word' id='word_1_95' title='bbox 987 2185 1146 2273; x_wconf 87' lang='lat' dir='ltr'>sortibus</span> <span class='ocrx_word' id='word_1_96' title='bbox 1161 2188 1287 2290; x_wconf 91' lang='lat' dir='ltr'>ulmis,</span> 
     </span>
     <span class='ocr_line' id='line_1_15' title="bbox 280 2325 1126 2438; baseline -0.002 -26"><span class='ocrx_word' id='word_1_97' title='bbox 280 2329 369 2412; x_wconf 88' lang='lat' dir='ltr'>Nec</span> <span class='ocrx_word' id='word_1_98' title='bbox 386 2329 497 2427; x_wconf 90' lang='lat' dir='ltr'>salici,</span> <span class='ocrx_word' id='word_1_99' title='bbox 515 2329 680 2438; x_wconf 90' lang='lat' dir='ltr'>lotoque,</span> <span class='ocrx_word' id='word_1_100' title='bbox 698 2354 768 2408; x_wconf 88' lang='lat' dir='ltr'>nec</span> <span class='ocrx_word' id='word_1_101' title='bbox 789 2325 906 2407; x_wconf 82' lang='lat' dir='ltr'>Idaeis</span> <span class='ocrx_word' id='word_1_102' title='bbox 917 2326 1126 2438; x_wconf 84' lang='lat' dir='ltr'>cypariffis:</span> 
     </span>
    </p>

    <p class='ocr_par' dir='ltr' id='par_1_7' title="bbox 202 2463 1346 2995">
     <span class='ocr_line' id='line_1_16' title="bbox 279 2463 1346 2585; baseline 0.005 -36"><span class='ocrx_word' id='word_1_103' title='bbox 279 2465 369 2549; x_wconf 92' lang='lat' dir='ltr'>Nec</span> <span class='ocrx_word' id='word_1_104' title='bbox 382 2469 537 2578; x_wconf 86' lang='lat' dir='ltr'>pingues</span> <span class='ocrx_word' id='word_1_105' title='bbox 549 2494 666 2547; x_wconf 91' lang='lat' dir='ltr'>unam</span> <span class='ocrx_word' id='word_1_106' title='bbox 678 2465 717 2545; x_wconf 92' lang='lat' dir='ltr'>in</span> <span class='ocrx_word' id='word_1_107' title='bbox 729 2463 867 2545; x_wconf 89' lang='lat' dir='ltr'>faciem</span> <span class='ocrx_word' id='word_1_108' title='bbox 883 2464 1079 2548; x_wconf 85' lang='lat' dir='ltr'>nascuntur</span> <span class='ocrx_word' id='word_1_109' title='bbox 1095 2469 1226 2567; x_wconf 88' lang='lat' dir='ltr'>olivae,</span> <span class='ocrx_word' id='word_1_110' title='bbox 1292 2473 1313 2555; x_wconf 94' lang='lat'>8</span> <span class='ocrx_word' id='word_1_111' title='bbox 1321 2500 1346 2585; x_wconf 82' lang='lat'>5</span> 
     </span>
     <span class='ocr_line' id='line_1_17' title="bbox 202 2603 1148 2711; baseline 0.004 -25"><span class='ocrx_word' id='word_1_112' title='bbox 202 2622 206 2629; x_wconf 86' lang='grc'><strong>’</strong></span> <span class='ocrx_word' id='word_1_113' title='bbox 282 2603 488 2706; x_wconf 80' lang='lat' dir='ltr'>O&#39;rcbades,</span> <span class='ocrx_word' id='word_1_114' title='bbox 503 2624 541 2689; x_wconf 91' lang='lat' dir='ltr'>et</span> <span class='ocrx_word' id='word_1_115' title='bbox 552 2606 656 2699; x_wconf 91' lang='lat' dir='ltr'>radii,</span> <span class='ocrx_word' id='word_1_116' title='bbox 674 2622 712 2683; x_wconf 90' lang='lat' dir='ltr'>et</span> <span class='ocrx_word' id='word_1_117' title='bbox 728 2629 852 2682; x_wconf 90' lang='lat' dir='ltr'>amara</span> <span class='ocrx_word' id='word_1_118' title='bbox 870 2603 992 2711; x_wconf 78' lang='lat' dir='ltr'>pausia</span> <span class='ocrx_word' id='word_1_119' title='bbox 1009 2606 1148 2691; x_wconf 88' lang='lat' dir='ltr'>bacca:</span> 
     </span>
     <span class='ocr_line' id='line_1_18' title="bbox 280 2742 1273 2856; baseline 0.003 -28"><span class='ocrx_word' id='word_1_120' title='bbox 280 2747 490 2856; x_wconf 84' lang='lat' dir='ltr'>Pomaque,</span> <span class='ocrx_word' id='word_1_121' title='bbox 507 2763 545 2827; x_wconf 87' lang='lat' dir='ltr'>et</span> <span class='ocrx_word' id='word_1_122' title='bbox 563 2743 714 2825; x_wconf 90' lang='lat' dir='ltr'>Alcinoi</span> <span class='ocrx_word' id='word_1_123' title='bbox 728 2742 871 2853; x_wconf 87' lang='lat' dir='ltr'>sylvae:</span> <span class='ocrx_word' id='word_1_124' title='bbox 903 2770 973 2823; x_wconf 90' lang='lat' dir='ltr'>nec</span> <span class='ocrx_word' id='word_1_125' title='bbox 990 2742 1153 2828; x_wconf 90' lang='lat' dir='ltr'>surculus</span> <span class='ocrx_word' id='word_1_126' title='bbox 1171 2747 1273 2832; x_wconf 91' lang='lat' dir='ltr'>idem</span> 
     </span>
     <span class='ocr_line' id='line_1_19' title="bbox 279 2882 1303 2995; baseline 0.001 -26"><span class='ocrx_word' id='word_1_127' title='bbox 279 2886 519 2983; x_wconf 87' lang='lat' dir='ltr'>Crustumiis,</span> <span class='ocrx_word' id='word_1_128' title='bbox 535 2885 717 2995; x_wconf 88' lang='lat' dir='ltr'>Syriisque</span> <span class='ocrx_word' id='word_1_129' title='bbox 738 2882 851 2994; x_wconf 89' lang='lat' dir='ltr'>pyris,</span> <span class='ocrx_word' id='word_1_130' title='bbox 872 2882 1116 2995; x_wconf 84' lang='lat' dir='ltr'>gravibusque</span> <span class='ocrx_word' id='word_1_131' title='bbox 1134 2888 1303 2971; x_wconf 76' lang='lat' dir='ltr'>volemis,</span> 
     </span>
    </p>

    <p class='ocr_par' dir='ltr' id='par_1_8' title="bbox 234 3021 1344 3554">
     <span class='ocr_line' id='line_1_20' title="bbox 234 3021 1239 3131; baseline 0.002 -26"><span class='ocrx_word' id='word_1_132' title='bbox 234 3055 237 3063; x_wconf 52' lang='lat'><strong>¹</strong></span> <span class='ocrx_word' id='word_1_133' title='bbox 280 3025 376 3106; x_wconf 93' lang='lat' dir='ltr'>Non</span> <span class='ocrx_word' id='word_1_134' title='bbox 392 3026 524 3104; x_wconf 86' lang='lat' dir='ltr'>eadem</span> <span class='ocrx_word' id='word_1_135' title='bbox 541 3024 732 3104; x_wconf 91' lang='lat' dir='ltr'>arboribus</span> <span class='ocrx_word' id='word_1_136' title='bbox 745 3021 883 3131; x_wconf 89' lang='lat' dir='ltr'>pendet</span> <span class='ocrx_word' id='word_1_137' title='bbox 894 3022 1084 3103; x_wconf 91' lang='lat' dir='ltr'>vindemia</span> <span class='ocrx_word' id='word_1_138' title='bbox 1097 3026 1239 3123; x_wconf 89' lang='lat' dir='ltr'>nostris,</span> 
     </span>
     <span class='ocr_line' id='line_1_21' title="bbox 280 3156 1344 3275; baseline 0.005 -33"><span class='ocrx_word' id='word_1_139' title='bbox 280 3166 411 3272; x_wconf 82' lang='lat' dir='ltr'>Qam</span> <span class='ocrx_word' id='word_1_140' title='bbox 435 3159 709 3270; x_wconf 88' lang='lat' dir='ltr'>Methymnaeo</span> <span class='ocrx_word' id='word_1_141' title='bbox 727 3159 843 3268; x_wconf 89' lang='lat' dir='ltr'>carpit</span> <span class='ocrx_word' id='word_1_142' title='bbox 862 3156 909 3238; x_wconf 91' lang='lat' dir='ltr'>de</span> <span class='ocrx_word' id='word_1_143' title='bbox 928 3158 1081 3267; x_wconf 88' lang='lat' dir='ltr'>palmite</span> <span class='ocrx_word' id='word_1_144' title='bbox 1098 3163 1246 3247; x_wconf 90' lang='lat' dir='ltr'>Lesbos.</span> <span class='ocrx_word' id='word_1_145' title='bbox 1288 3193 1344 3275; x_wconf 83' lang='lat' dir='ltr'>qo</span> 
     </span>
     <span class='ocr_line' id='line_1_22' title="bbox 282 3298 1208 3402; baseline 0.002 -19"><span class='ocrx_word' id='word_1_146' title='bbox 282 3304 377 3383; x_wconf 88' lang='lat' dir='ltr'>Sunt</span> <span class='ocrx_word' id='word_1_147' title='bbox 390 3299 549 3385; x_wconf 75' lang='lat' dir='ltr'>Thatae</span> <span class='ocrx_word' id='word_1_148' title='bbox 569 3301 672 3402; x_wconf 88' lang='lat' dir='ltr'>vites,</span> <span class='ocrx_word' id='word_1_149' title='bbox 688 3299 770 3379; x_wconf 92' lang='lat' dir='ltr'>sunt</span> <span class='ocrx_word' id='word_1_150' title='bbox 790 3316 829 3379; x_wconf 90' lang='lat' dir='ltr'>et</span> <span class='ocrx_word' id='word_1_151' title='bbox 842 3298 1069 3381; x_wconf 88' lang='lat' dir='ltr'>Mareotides</span> <span class='ocrx_word' id='word_1_152' title='bbox 1081 3301 1208 3393; x_wconf 83' lang='lat' dir='ltr'>albae:</span> 
     </span>
     <span class='ocr_line' id='line_1_23' title="bbox 280 3437 1172 3553; baseline 0 -32"><span class='ocrx_word' id='word_1_153' title='bbox 280 3442 487 3553; x_wconf 90' lang='lat' dir='ltr'>Pinguibus</span> <span class='ocrx_word' id='word_1_154' title='bbox 498 3439 569 3520; x_wconf 88' lang='lat' dir='ltr'>hae</span> <span class='ocrx_word' id='word_1_155' title='bbox 581 3441 683 3520; x_wconf 90' lang='lat' dir='ltr'>terris</span> <span class='ocrx_word' id='word_1_156' title='bbox 698 3437 850 3539; x_wconf 90' lang='lat' dir='ltr'>habiles,</span> <span class='ocrx_word' id='word_1_157' title='bbox 868 3437 1064 3525; x_wconf 86' lang='lat' dir='ltr'>levioribus</span> <span class='ocrx_word' id='word_1_158' title='bbox 1075 3441 1172 3531; x_wconf 74' lang='lat' dir='ltr'>illae,</span> 
     </span>
    </p>

    <p class='ocr_par' dir='ltr' id='par_1_9' title="bbox 280 3578 1120 3695">
     <span class='ocr_line' id='line_1_24' title="bbox 280 3578 1120 3695; baseline -0.007 -28"><span class='ocrx_word' id='word_1_159' title='bbox 280 3587 333 3668; x_wconf 90' lang='lat' dir='ltr'>Et</span> <span class='ocrx_word' id='word_1_160' title='bbox 343 3582 442 3695; x_wconf 83' lang='lat' dir='ltr'>palso</span> <span class='ocrx_word' id='word_1_161' title='bbox 462 3579 612 3690; x_wconf 89' lang='lat' dir='ltr'>Psythia</span> <span class='ocrx_word' id='word_1_162' title='bbox 628 3580 765 3679; x_wconf 88' lang='lat' dir='ltr'>utilior,</span> <span class='ocrx_word' id='word_1_163' title='bbox 781 3578 970 3688; x_wconf 90' lang='lat' dir='ltr'>tenuisque</span> <span class='ocrx_word' id='word_1_164' title='bbox 984 3579 1120 3690; x_wconf 87' lang='lat' dir='ltr'>lageos,</span> 
     </span>
    </p>

    <p class='ocr_par' dir='ltr' id='par_1_10' title="bbox 278 3718 1346 4086">
     <span class='ocr_line' id='line_1_25' title="bbox 279 3718 1208 3832; baseline -0.005 -27"><span class='ocrx_word' id='word_1_165' title='bbox 279 3725 486 3831; x_wconf 82' lang='lat' dir='ltr'>Tentatura</span> <span class='ocrx_word' id='word_1_166' title='bbox 503 3720 615 3832; x_wconf 87' lang='lat' dir='ltr'>pedes</span> <span class='ocrx_word' id='word_1_167' title='bbox 627 3719 734 3817; x_wconf 93' lang='lat' dir='ltr'>olim,</span> <span class='ocrx_word' id='word_1_168' title='bbox 751 3720 993 3828; x_wconf 70' lang='lat' dir='ltr'>vinsturaque</span> <span class='ocrx_word' id='word_1_169' title='bbox 1013 3718 1181 3830; x_wconf 79' lang='lat' dir='ltr'>lingaum</span> <span class='ocrx_word' id='word_1_170' title='bbox 1192 3723 1208 3819; x_wconf 63' lang='grc' dir='ltr'>ς’</span> 
     </span>
     <span class='ocr_line' id='line_1_26' title="bbox 278 3859 1343 3979; baseline -0.003 -34"><span class='ocrx_word' id='word_1_171' title='bbox 278 3859 505 3972; x_wconf 87' lang='lat' dir='ltr'>Purpureae,</span> <span class='ocrx_word' id='word_1_172' title='bbox 517 3859 754 3979; x_wconf 84' lang='lat' dir='ltr'>preciaeque:</span> <span class='ocrx_word' id='word_1_173' title='bbox 785 3876 823 3940; x_wconf 94' lang='lat' dir='ltr'>et</span> <span class='ocrx_word' id='word_1_174' title='bbox 833 3876 955 3968; x_wconf 89' lang='lat' dir='ltr'>quote</span> <span class='ocrx_word' id='word_1_175' title='bbox 969 3861 1134 3944; x_wconf 89' lang='lat' dir='ltr'>carmine</span> <span class='ocrx_word' id='word_1_176' title='bbox 1147 3862 1271 3943; x_wconf 87' lang='lat' dir='ltr'>dicam</span> <span class='ocrx_word' id='word_1_177' title='bbox 1288 3892 1312 3974; x_wconf 88' lang='lat'>9</span> <span class='ocrx_word' id='word_1_178' title='bbox 1319 3891 1343 3974; x_wconf 78' lang='grc' dir='ltr'><em>ς</em></span> 
     </span>
     <span class='ocr_line' id='line_1_27' title="bbox 281 3998 1346 4086; baseline 0.002 -2"><span class='ocrx_word' id='word_1_179' title='bbox 281 4000 492 4084; x_wconf 80' lang='lat' dir='ltr'>Rhaetica?</span> <span class='ocrx_word' id='word_1_180' title='bbox 523 4028 592 4082; x_wconf 91' lang='lat' dir='ltr'>nec</span> <span class='ocrx_word' id='word_1_181' title='bbox 611 3998 713 4080; x_wconf 89' lang='lat' dir='ltr'>cellis</span> <span class='ocrx_word' id='word_1_182' title='bbox 729 3998 815 4081; x_wconf 84' lang='lat' dir='ltr'>ideo</span> <span class='ocrx_word' id='word_1_183' title='bbox 826 3999 1009 4080; x_wconf 90' lang='lat' dir='ltr'>contende</span> <span class='ocrx_word' id='word_1_184' title='bbox 1021 4002 1197 4086; x_wconf 88' lang='lat' dir='ltr'>Falernis.</span> <span class='ocrx_word' id='word_1_185' title='bbox 1238 4047 1241 4053; x_wconf 95' lang='lat'>·</span> <span class='ocrx_word' id='word_1_186' title='bbox 1341 4044 1346 4052; x_wconf 96' lang='lat'>·</span> 
     </span>
    </p>
   </div>
   <div class='ocr_carea' id='block_1_3' title="bbox 283 4135 1354 4360">
    <p class='ocr_par' dir='ltr' id='par_1_11' title="bbox 283 4135 1354 4360">
     <span class='ocr_line' id='line_1_28' title="bbox 283 4135 1216 4245; baseline -0.002 -22"><span class='ocrx_word' id='word_1_187' title='bbox 283 4139 375 4223; x_wconf 80' lang='lat' dir='ltr'>Sunt</span> <span class='ocrx_word' id='word_1_188' title='bbox 392 4135 507 4221; x_wconf 84' lang='lat' dir='ltr'>etiam</span> <span class='ocrx_word' id='word_1_189' title='bbox 518 4138 746 4221; x_wconf 88' lang='lat' dir='ltr'>Ammineae</span> <span class='ocrx_word' id='word_1_190' title='bbox 763 4138 867 4245; x_wconf 86' lang='lat' dir='ltr'>vites,</span> <span class='ocrx_word' id='word_1_191' title='bbox 887 4136 1094 4228; x_wconf 72' lang='lat' dir='ltr'>firmissima</span> <span class='ocrx_word' id='word_1_192' title='bbox 1111 4140 1216 4225; x_wconf 84' lang='lat' dir='ltr'>vina:</span> 
     </span>
     <span class='ocr_line' id='line_1_29' title="bbox 821 4274 1354 4360; baseline -0.006 0"><span class='ocrx_word' id='word_1_193' title='bbox 821 4282 827 4290; x_wconf 80' lang='lat'>&#39;</span> <span class='ocrx_word' id='word_1_194' title='bbox 1112 4286 1117 4292; x_wconf 83' lang='lat'>&#39;</span> <span class='ocrx_word' id='word_1_195' title='bbox 1178 4274 1354 4360; x_wconf 83' lang='lat' dir='ltr'>Tmolius</span> 
     </span>
    </p>
   </div>
   <div class='ocr_carea' id='block_1_4' title="bbox 0 0 1474 5190">
    <p class='ocr_par' dir='ltr' id='par_1_12' title="bbox 0 0 1474 5190">
     <span class='ocr_line' id='line_1_30' title="bbox 0 0 1474 5190; baseline 0 1"><span class='ocrx_word' id='word_1_196' title='bbox 0 0 1474 5190; x_wconf 95' lang='lat' dir='ltr'> </span> 
     </span>
    </p>
   </div>
  </div>
 </body>
</html>
