2940 5190
239 288 254 330 ἢ
362 333 723 445 Guororcr,
763 276 901 418 bru.
935 321 996 427 Il.
1152 352 1215 450 57

286 793 337 891 Ρ.
371 785 704 892 v1uo1u11
750 786 1105 882 Mnuoms
1232 751 1236 759 ’

147 1117 1220 1286 GEORGICORUM

439 1510 792 1601 LIBER
871 1510 930 1596 11.

315 1919 573 2003 ACTENUS
588 1936 765 2003 arvorum
777 1913 909 2014 cultus,
921 1931 959 1997 et
975 1883 1089 2015 bdera
1099 1912 1216 1997 coeli:

146 1919 316 2251 H
344 2066 464 2146 Nunc
476 2082 526 2161 te,
544 2061 704 2159 Bacche,
719 2087 863 2158 canam,
877 2086 1022 2143 necnon
1035 2059 1220 2168 sylvestria

433 2217 564 2283 tecum

143 2339 330 2449 Virgulta,
348 2359 386 2422 et
406 2341 557 2451 prolem
566 2341 667 2422 tarde
684 2338 876 2420 crescentis
894 2339 1037 2422 olivae·
1056 2374 1062 2418 ;

144 2482 255 2580 Huc,
271 2497 373 2590 pater
390 2483 598 2568 oLenaee:
630 2480 702 2561 tuis
719 2479 783 2562 hic
797 2480 924 2562 omnia
936 2480 1051 2593 plena·
1062 2520 1080 2549 ·-

142 2617 381 2718 Muneribus,
400 2619 468 2700 tibi
478 2618 681 2731 pampineo
693 2619 866 2729 gravidus
885 2636 1080 2734 autumno
1188 2642 1215 2732 ς

143 2757 271 2842 Floret
282 2784 381 2866 ager,
401 2759 547 2868 spumat
563 2758 684 2869 plenis
702 2759 892 2841 vindemia
908 2758 1032 2844 labris.

144 2897 252 2996 Huc,
270 2913 373 3006 pater
389 2926 414 2978 ο
426 2899 586 2997 Lenaee,
603 2897 713 2979 veni:
746 2896 958 3006 nudataque
970 2898 1097 2979 musto

144 3038 271 3149 Tinge
290 3066 390 3120 novo
403 3062 563 3121 mocum‘
571 3010 722 3148 direptis
739 3064 846 3119 creua
862 3036 1066 3121 cothurnis.

202 3178 393 3288 Principio
406 3176 601 3263 arboribus
613 3178 712 3261 varia
723 3177 778 3258 est
797 3193 928 3261 natum
943 3176 1134 3263 creandis:

143 3319 326 3428 Namque
339 3318 444 3416 aliae,
458 3316 570 3401 nullis
583 3317 789 3434 hominum
803 3319 1033 3426 cogentibus,
1047 3319 1144 3439 ipsae
1163 3347 1214 3403 to

146 3460 283 3567 Sponte
299 3458 364 3551 sua
379 3458 546 3558 veniunt,
563 3456 792 3570 camposque
803 3475 842 3541 et
853 3456 1011 3542 flumina
1023 3458 1096 3540 late

146 3599 270 3680 Curva
285 3616 436 3682 tenent:
467 3617 512 3681 ut
525 3599 641 3683 molle
655 3598 748 3696 filet,
767 3598 963 3711 lentaeque
980 3599 1154 3712 genistae,

142 3739 323 3855 Populus,
344 3757 382 3823 et
400 3738 534 3852 glauca
551 3739 721 3822 canentia
737 3738 871 3821 fronde
883 3738 1016 3823 blicka.

143 3878 369 3972 Parsautem
385 3877 506 3990 pofito
523 3878 678 3990 surgunt
689 3877 737 3960 de
754 3876 918 3960 semine:
946 3893 989 3957 ut
1004 3874 1098 3956 altae
1148 3952 1152 3959 .

142 3996 644 4129 Calleneae‚ne1norumque
657 4016 746 4130 Jovi
765 4043 861 4126 quae
874 4016 1042 4098 maxima
1054 4014 1204 4099 frondet

142 4138 460 4286 uacuumque
469 4154 1109 4269 habiueeraiisoracuuquercus„
1161 4157 1214 4238 1⁶

1054 4289 1219 4379 Pullulat
