2940 5190
307 350 404 448 1⁶0
543 341 1232 466 RVrrerrrrMnuours,
1354 427 1357 433 .

298 568 344 650 N
343 595 388 649 ec
404 567 505 678 poss‘e
518 564 707 676 Argolicis
725 566 890 651 exscindi
907 568 1089 678 Pergama
1108 572 1214 675 telis,

299 707 443 788 Omnia
459 708 500 788 ni
520 722 687 819 repetant
704 706 830 816 Argis,
849 710 1275 818 numenquereducant,

190 834 192 840 ¹
294 848 415 954 Qod
435 846 569 958 pelago
585 863 623 927 et
640 836 764 925 curvis
780 845 909 927 secum
919 847 1100 933 advexere
1114 855 1260 938 carinis.

295 989 350 1069 Et
365 1015 467 1069 nunc
479 986 583 1097 quod
600 985 734 1095 patrias
744 1003 857 1066 vento
868 987 1007 1095 petiere
1020 989 1220 1100 Mycenas,
1294 993 1377 1082 180

295 1130 418 1211 Arma
431 1128 593 1238 deosque
609 1143 740 1237 parant
759 1105 939 1227 comites,
951 1129 1160 1243 pelagoque
1176 1135 1348 1220 remenso
1428 1128 1441 1139 “

295 1266 495 1379 Improvifi
517 1270 685 1350 aderunt.
711 1267 762 1348 ita
778 1268 913 1377 digerit
926 1273 1056 1354 omnia
1074 1273 1271 1362 Calchas..

296 1408 412 1491 Hanc
424 1437 494 1520 pro
512 1407 679 1490 Palladio
695 1408 843 1507 moniti,
862 1436 932 1518 pro
944 1414 1102 1494 numine
1116 1413 1228 1517 laeso,

295 1546 478 1656 Effigiem
494 1546 664 1645 stamere,
683 1547 786 1629 nefas
807 1577 904 1659 quae
917 1551 1018 1633 triste
1032 1554 1162 1664 piaret.
1240 1581 1241 1585 ‘
1435 1648 1437 1653 ,

159 1751 162 1762 .
295 1687 411 1769 Hanc
425 1705 552 1769 tamen
573 1689 799 1770 immensam
816 1689 977 1773 Calchas
991 1695 1157 1778 attollere
1169 1696 1314 1780 molem

294 1827 513 1909 Roboribus
532 1829 654 1927 textis,
674 1828 856 1937 coeloque
873 1830 1167 1941 educerejuffit:
1291 1835 1375 1924 186
1442 1937 1445 1944 ι

293 1966 361 2050 Ne
378 1968 493 2080 recipi
513 1968 642 2079 portis,
658 1987 724 2049 aut
741 1948 829 2049 duci
846 1969 887 2049 in
902 1975 1054 2052 moenia
1072 1974 1205 2082 poffit3

293 2111 389 2194 Neu
404 2110 593 2221 populum
604 2087 764 2220 'antiqua
778 2110 848 2191 sub
860 2109 1054 2220 relligione
1069 2115 1176 2195 tueri.
1323 2169 1325 2174 ·

133 2285 136 2299 ·
293 2250 404 2333 Nam
417 2252 445 2333 fi
458 2251 576 2333 vestra
589 2278 723 2332 manus
738 2249 902 2332 violalset
919 2250 1019 2333 dona
1033 2252 1229 2334 Minervae
1239 2293 1253 2352 3

291 2391 403 2474 Tum
418 2411 609 2500 ‘magnum
634 2391 808 2488 exitium,
848 2389 954 2504 quod
982 2390 1023 2471 di
1049 2394 1151 2503 prius
1186 2420 1302 2476 omen
1330 2392 1374 2476 in

371 2589 376 2605 ,
478 2530 602 2642 ipsum
896 2576 897 2580 ¹
1288 2562 1374 2644 190

295 2672 543 2754 Convertant!
559 2668 696 2752 Priami
705 2668 864 2781 imperio
873 2669 1157 2782 Phrygibusque
1165 2670 1353 2761 futurum.

198 2795 201 2802 ¹
295 2809 360 2891 Sin
376 2811 549 2892 manibus
563 2810 688 2892 vestris
702 2809 862 2891 vestram
875 2810 1088 2893 ascendiffet
1099 2811 1138 2892 in
1151 2811 1312 2911 urbem;
1427 2814 1431 2819 ’

294 2951 408 3032 Ultro
424 2952 557 3063 Afiam
574 2980 715 3061 magno
736 2953 913 3062 Pelopeia
926 2955 974 3034 ad
994 2953 1144 3033 moenia
1161 2950 1262 3035 bello

193 3091 196 3097 ‘
292 3088 519 3187 Venturam,
533 3108 571 3170 et
587 3089 730 3169 nostros
751 3115 795 3168 ea
812 3089 888 3169 fata
909 3117 1060 3170 manere
1079 3107 1245 3198 nepotes.

265 3337 267 3341 ‚
292 3225 453 3308 Talibus
474 3225 624 3324 infidiis,
648 3225 860 3337 perjurique
878 3249 956 3307 arte
971 3228 1131 3324 Sinonis,
1289 3255 1373 3340 195

287 3353 444 3455 'Credita
460 3392 529 3461 res,
560 3367 735 3474 captique
748 3366 855 3462 dolis,
873 3367 1119 3476 lacrymisque
1132 3366 1282 3466 coactis,

292 3509 402 3611 Qros
420 3536 543 3617 neque
554 3507 736 3616 Tydides,
757 3533 827 3587 nec
841 3508 1045 3589 Larissaeus
1058 3506 1241 3607 Achilles,

291 3649 387 3730 Nou¹
400 3650 487 3731 anni
508 3649 688 3728 domuere
706 3645 852 3744 decem,
873 3674 951 3728 non
971 3645 1076 3727 mille
1091 3646 1250 3726 carinae.

261 3765 263 3769 ⁵
292 3789 485 3874 Hicaliud
499 3789 618 3896 majus
633 3785 773 3868 miseris
793 3785 992 3895 multoque
1012 3788 1254 3870 tremendum

293 3932 481 4040 Objicitur
491 3932 623 4041 magis,
635 3947 747 4039 atque
761 3928 973 4039 improvida
981 3931 1131 4037 pediora
1142 3928 1372 4012 turbataoo

291 4075 485 4172 Laocoon,
505 4073 638 4152 duetus
650 4073 834 4180 Neptuno
857 4069 951 4151 sorte
969 4070 1148 4166 sacerdot,
1239 4146 1241 4151 s

292 4214 497 4298 Sollemnes
514 4230 666 4295 taurum
686 4204 879 4322 ingentem
896 4211 1083 4294 madebat
1100 4209 1147 4292 ad
1164 4239 1255 4294 aras.
1272 4329 1305 4413 E

1311 4357 1380 4414 cce
