2940 5190
314 314 317 322 ¹
372 336 738 429 Gronorcn.
797 337 926 433 Lru.
964 341 1041 433 1.‘
1145 373 1207 464 41

143 537 410 650 vimineasque
422 536 535 620 trahit
545 557 672 637 crates,
682 540 788 647 juvat
798 566 883 621 arva
891 580 903 638 ;
919 569 1041 651 neque
1049 541 1186 659 illum9
1194 572 1218 658 5

55 716 58 722 ·
145 680 261 764 Flava
279 683 390 761 Ceres
410 677 487 759 alto
499 679 664 787 nequicq
690 707 755 759 am
774 678 909 787 spereat
922 680 1113 794 Olympo:

146 825 198 906 Et
209 823 290 933 qui,
311 819 484 931 prosciffo
497 819 635 928 quaes
667 820 755 899 citat
773 848 933 929 aequore
947 841 1061 931 terga,

148 962 293 1045 Rursus
311 963 351 1042 in
364 961 566 1069 obliquum
583 959 686 1041 verso
703 963 911 1072 perrumpit
923 984 1054 1063 aratro,

108 1156 111 1163 -
148 1100 386 1209 Exercetque
403 1096 578 1207 frequens
594 1096 782 1196 tellurem,
797 1118 908 1207 atque
928 1104 1087 1212 imperat
1098 1106 1208 1203 arvis.

148 1237 324 1322 Humida
345 1236 494 1318 solstitia
511 1254 623 1346 atque
637 1236 791 1345 hyemes
803 1259 902 1319 orate
916 1240 1068 1342 serenas,
1141 1249 1224 1330 100‘

149 1378 375 1489 Agricolae:
396 1376 567 1487 hyberno
588 1377 779 1458 laetiffima
797 1379 949 1490 pulvere
966 1382 1076 1483 farra,

148 1519 289 1598 Laetus
299 1546 397 1627 ager.
429 1516 534 1599 nullo
548 1536 696 1600 tantum
714 1520 749 1599 se
762 1522 886 1630 Myfia
904 1523 1011 1605 cultu

151 1658 286 1764 jaciat,
307 1656 438 1768 etipsa
455 1656 534 1738 suas
547 1657 728 1740 mirantur
742 1659 908 1769 Gargara
928 1660 1070 1745 meffes.

151 1798 261 1901 Quid
275 1798 414 1898 dicam,
429 1799 529 1907 jacto
542 1800 610 1908 qui
623 1799 762 1881 semine
776 1803 947 1883 cominus
959 1831 1046 1883 arva

41 1976 47 1987 ·
150 1935 370 2047 Insequitur,
381 1938 626 2047 cumulosque
637 1940 711 2019 ruit
719 1938 817 2019 male
825 1942 972 2051 pinguis
983 1969 1124 2037 arenae,
1141 1968 1191 2024 10
1198 1965 1222 2051 5

149 2075 299 2158 Deinde
315 2075 397 2157 satis
415 2073 576 2157 fluvium
593 2076 748 2172 inducit,
777 2078 945 2187 rivosque
966 2079 1185 2186 sequentes?
1223 2152 1225 2156 ,

108 2305 111 2310 ,
151 2216 216 2313 Et,
230 2211 489 2296 cum'exustus
506 2241 593 2321 ager
610 2214 856 2295 morientibus
869 2216 1007 2296 aestuat
1026 2216 1163 2314 herbis,
1218 2266 1221 2271 -

151 2354 269 2450 Ecce,
290 2351 486 2463 supercilio
506 2351 633 2431 clivosr
647 2352 802 2432 tramitis
822 2354 964 2435 undam

151 2496 289 2579 Elicit:
322 2492 385 2574 illa
397 2491 531 2575 cadens
549 2520 709 2574 raucum
729 2520 796 2602 per
813 2492 907 2576 levia
925 2523 1101 2578 murmur

153 2639 249 2719 Saxa
266 2637 351 2736 ciet,
374 2634 614 2743 scatebrisque
627 2633 765 2716 arentia
779 2650 962 2746 temperat
976 2667 1072 2721 arva.
1143 2660 1226 2723 110'

153 2780 273 2887 Qid,
290 2778 368 2888 qui,
388 2805 435 2858 ne
448 2778 605 2886 gravidis
618 2779 843 2888 procumbat
854 2779 1002 2861 culmus
1015 2780 1143 2878 aristis,

153 2916 365 2997 Lurmriem
377 2913 545 3023 segetum
562 2934 686 2996 tenera
701 2915 861 3026 depascit
880 2917 919 2994 in
938 2914 1067 3014 herba,

153 3055 258 3136 Cum
271 3056 440 3166 primum
457 3053 577 3157 sulcos
594 3071 753 3165 aequant
770 3053 866 3137 sata?
898 3056 1038 3166 quique
1051 3053 1198 3167 paludis

154 3194 372 3279 Colledturn
389 3193 593 3277 humorem
611 3193 739 3276 bibula
756 3193 909 3277 deducit
924 3172 1054 3279 arena?

155 3334 373 3417 Praesertim
391 3335 539 3415 incertis
554 3336 582 3415 fi
596 3334 783 3416 menfibus
794 3335 914 3416 amnis
926 3334 1116 3418 abundans
1150 3365 1226 3448 115

156 3473 259 3573 Exit,
275 3492 312 3553 et
323 3472 487 3554 obducto
500 3473 572 3554 late
590 3489 690 3555 tenet
699 3474 829 3571 omnia
844 3472 951 3573 limo,
977 3537 981 3544 .

155 3612 270 3693 Unde
288 3640 398 3693 cavae
413 3613 541 3723 tepido
554 3613 686 3695 sudant
698 3593 859 3696 humore
876 3612 1042 3698 lacunae.

155 3753 243 3836 Nec
261 3770 387 3836 tamen
408 3753 519 3865 (haec
537 3782 630 3839 cum
643 3754 715 3836 fint
727 3753 1019 3872 hominumque,
1034 3754 1231 3864 boumque

342 3892 486 3977 labores
585 3967 590 3980 .

156 4027 347 4109 Versando
360 4047 497 4113 terram
516 4025 677 4142 experti)
694 4027 791 4113 nihil
803 4029 998 4142 improbus
1012 4030 1131 4130 anser,

158 4171 466 4287 Strymoniaeque
478 4199 600 4289 grues,
618 4189 657 4287 et
673 4171 807 4258 amaris
821 4170 951 4256 intuba
961 4172 1078 4270 fibris,
1148 4198 1232 4254 120

1037 4305 1234 4407 officiunt,
