<?xml version="1.0" encoding="UTF-8"?>
<!DOCTYPE html PUBLIC "-//W3C//DTD XHTML 1.0 Transitional//EN"
    "http://www.w3.org/TR/xhtml1/DTD/xhtml1-transitional.dtd">
<html xmlns="http://www.w3.org/1999/xhtml" xml:lang="en" lang="en">
 <head>
  <title>
</title>
<meta http-equiv="Content-Type" content="text/html;charset=utf-8" />
  <meta name='ocr-system' content='tesseract 3.04.00' />
  <meta name='ocr-capabilities' content='ocr_page ocr_carea ocr_par ocr_line ocrx_word'/>
</head>
<body>
  <div class='ocr_page' id='page_1' title='image "./publiivirgiliim01schegoog/publiivirgiliim01schegoog_0089.png"; bbox 0 0 2940 5190; ppageno 0'>
   <div class='ocr_carea' id='block_1_1' title="bbox 184 360 1067 500">
    <p class='ocr_par' dir='ltr' id='par_1_1' title="bbox 184 284 1067 500">
     <span class='ocr_line' id='line_1_1' title="bbox 184 360 1067 500; baseline -0.002 -39"><span class='ocrx_word' id='word_1_1' title='bbox 184 395 255 500; x_wconf 73' lang='lat'>34</span> <span class='ocrx_word' id='word_1_2' title='bbox 375 360 1067 461; x_wconf 74' lang='lat' dir='ltr'>P.V1notntiMAaon1s</span> 
     </span>
    </p>
   </div>
   <div class='ocr_carea' id='block_1_2' title="bbox 117 562 1283 4037">
    <p class='ocr_par' dir='ltr' id='par_1_2' title="bbox 189 562 1259 929">
     <span class='ocr_line' id='line_1_2' title="bbox 189 562 1162 680; baseline -0.009 -28"><span class='ocrx_word' id='word_1_3' title='bbox 189 566 316 668; x_wconf 80' lang='lat' dir='ltr'>Galle,</span> <span class='ocrx_word' id='word_1_4' title='bbox 346 564 440 680; x_wconf 92' lang='lat' dir='ltr'>quid</span> <span class='ocrx_word' id='word_1_5' title='bbox 457 564 614 648; x_wconf 79' lang='lat' dir='ltr'>insanis?</span> <span class='ocrx_word' id='word_1_6' title='bbox 646 563 793 674; x_wconf 86' lang='lat' dir='ltr'>inquit:</span> <span class='ocrx_word' id='word_1_7' title='bbox 825 582 889 646; x_wconf 90' lang='lat' dir='ltr'>tua</span> <span class='ocrx_word' id='word_1_8' title='bbox 901 591 991 648; x_wconf 89' lang='lat' dir='ltr'>cura</span> <span class='ocrx_word' id='word_1_9' title='bbox 1005 562 1162 675; x_wconf 85' lang='lat' dir='ltr'>Lycoris</span> 
     </span>
     <span class='ocr_line' id='line_1_3' title="bbox 190 702 1259 820; baseline -0.005 -27"><span class='ocrx_word' id='word_1_10' title='bbox 190 710 338 820; x_wconf 88' lang='lat' dir='ltr'>Perque</span> <span class='ocrx_word' id='word_1_11' title='bbox 364 707 467 786; x_wconf 85' lang='lat' dir='ltr'>nives</span> <span class='ocrx_word' id='word_1_12' title='bbox 492 703 624 802; x_wconf 87' lang='lat' dir='ltr'>alium,</span> <span class='ocrx_word' id='word_1_13' title='bbox 667 728 808 816; x_wconf 85' lang='lat' dir='ltr'>perque</span> <span class='ocrx_word' id='word_1_14' title='bbox 827 702 979 788; x_wconf 81' lang='lat' dir='ltr'>horrida</span> <span class='ocrx_word' id='word_1_15' title='bbox 1008 706 1126 788; x_wconf 83' lang='lat' dir='ltr'>castra</span> <span class='ocrx_word' id='word_1_16' title='bbox 1154 705 1259 788; x_wconf 90' lang='lat' dir='ltr'>secu-</span> 
     </span>
     <span class='ocr_line' id='line_1_4' title="bbox 375 845 492 929; baseline 0.009 -1"><span class='ocrx_word' id='word_1_17' title='bbox 375 864 413 928; x_wconf 83' lang='lat' dir='ltr'>ta</span> <span class='ocrx_word' id='word_1_18' title='bbox 425 845 492 929; x_wconf 87' lang='lat' dir='ltr'>est.</span> 
     </span>
    </p>

    <p class='ocr_par' dir='ltr' id='par_1_3' title="bbox 190 978 1273 2921">
     <span class='ocr_line' id='line_1_5' title="bbox 190 979 1016 1096; baseline -0.005 -25"><span class='ocrx_word' id='word_1_19' title='bbox 190 986 307 1072; x_wconf 85' lang='lat' dir='ltr'>Venit</span> <span class='ocrx_word' id='word_1_20' title='bbox 319 1003 358 1068; x_wconf 92' lang='lat' dir='ltr'>et</span> <span class='ocrx_word' id='word_1_21' title='bbox 371 984 503 1096; x_wconf 85' lang='lat' dir='ltr'>agresti</span> <span class='ocrx_word' id='word_1_22' title='bbox 519 982 647 1096; x_wconf 85' lang='lat' dir='ltr'>capitis</span> <span class='ocrx_word' id='word_1_23' title='bbox 663 983 842 1094; x_wconf 77' lang='lat' dir='ltr'>sylvanus</span> <span class='ocrx_word' id='word_1_24' title='bbox 858 979 1016 1085; x_wconf 86' lang='lat' dir='ltr'>honore,</span> 
     </span>
     <span class='ocr_line' id='line_1_6' title="bbox 192 1123 1259 1237; baseline -0.005 -25"><span class='ocrx_word' id='word_1_25' title='bbox 192 1126 387 1213; x_wconf 83' lang='lat' dir='ltr'><strong>Florentes</strong></span> <span class='ocrx_word' id='word_1_26' title='bbox 407 1123 543 1207; x_wconf 73' lang='lat' dir='ltr'>ferulas</span> <span class='ocrx_word' id='word_1_27' title='bbox 556 1125 765 1237; x_wconf 79' lang='lat' dir='ltr'>etgrandia</span> <span class='ocrx_word' id='word_1_28' title='bbox 776 1123 855 1206; x_wconf 90' lang='lat' dir='ltr'>lilia</span> <span class='ocrx_word' id='word_1_29' title='bbox 875 1124 1055 1234; x_wconf 84' lang='lat' dir='ltr'>quaffans.</span> <span class='ocrx_word' id='word_1_30' title='bbox 1204 1150 1226 1207; x_wconf 89' lang='lat'>2</span> <span class='ocrx_word' id='word_1_31' title='bbox 1235 1150 1259 1235; x_wconf 84' lang='lat'>5</span> 
     </span>
     <span class='ocr_line' id='line_1_7' title="bbox 193 1238 1122 1376; baseline -0.011 -21"><span class='ocrx_word' id='word_1_32' title='bbox 193 1238 277 1355; x_wconf 79' lang='lat' dir='ltr'>l&#39;an</span> <span class='ocrx_word' id='word_1_33' title='bbox 288 1269 382 1351; x_wconf 90' lang='lat' dir='ltr'>deus</span> <span class='ocrx_word' id='word_1_34' title='bbox 393 1267 575 1366; x_wconf 72' lang='lat' dir='ltr'>Arcadiae</span> <span class='ocrx_word' id='word_1_35' title='bbox 589 1268 711 1350; x_wconf 87' lang='lat' dir='ltr'>venit:</span> <span class='ocrx_word' id='word_1_36' title='bbox 745 1294 863 1376; x_wconf 89' lang='lat' dir='ltr'>quem</span> <span class='ocrx_word' id='word_1_37' title='bbox 875 1256 1038 1348; x_wconf 71' lang='lat' dir='ltr'>vidimus</span> <span class='ocrx_word' id='word_1_38' title='bbox 1054 1264 1122 1376; x_wconf 90' lang='lat' dir='ltr'>ipfi</span> 
     </span>
     <span class='ocr_line' id='line_1_8' title="bbox 195 1408 1117 1522; baseline -0.009 -26"><span class='ocrx_word' id='word_1_39' title='bbox 195 1412 414 1522; x_wconf 75' lang='lat' dir='ltr'>sanguineis</span> <span class='ocrx_word' id='word_1_40' title='bbox 431 1408 533 1493; x_wconf 87' lang='lat' dir='ltr'>ebuli</span> <span class='ocrx_word' id='word_1_41' title='bbox 550 1409 672 1491; x_wconf 88' lang='lat' dir='ltr'>baccis</span> <span class='ocrx_word' id='word_1_42' title='bbox 690 1411 887 1518; x_wconf 80' lang='lat' dir='ltr'>minioque</span> <span class='ocrx_word' id='word_1_43' title='bbox 905 1408 1117 1491; x_wconf 82' lang='lat' dir='ltr'>rubentem.</span> 
     </span>
     <span class='ocr_line' id='line_1_9' title="bbox 196 1524 1235 1662; baseline 0 -31"><span class='ocrx_word' id='word_1_44' title='bbox 196 1550 340 1661; x_wconf 83' lang='lat' dir='ltr'>Ecquis</span> <span class='ocrx_word' id='word_1_45' title='bbox 355 1549 425 1631; x_wconf 88' lang='lat' dir='ltr'>erit</span> <span class='ocrx_word' id='word_1_46' title='bbox 435 1547 601 1630; x_wconf 79' lang='lat' dir='ltr'>modus?</span> <span class='ocrx_word' id='word_1_47' title='bbox 633 1547 773 1657; x_wconf 86' lang='lat' dir='ltr'>inquit:</span> <span class='ocrx_word' id='word_1_48' title='bbox 801 1524 909 1662; x_wconf 75' lang='lat' dir='ltr'>amoi</span> <span class='ocrx_word' id='word_1_49' title='bbox 920 1576 997 1629; x_wconf 89' lang='lat' dir='ltr'>non</span> <span class='ocrx_word' id='word_1_50' title='bbox 1014 1547 1101 1628; x_wconf 84' lang='lat' dir='ltr'>talia</span> <span class='ocrx_word' id='word_1_51' title='bbox 1118 1559 1235 1631; x_wconf 86' lang='lat' dir='ltr'>curat.</span> 
     </span>
     <span class='ocr_line' id='line_1_10' title="bbox 196 1682 1195 1800; baseline -0.009 -25"><span class='ocrx_word' id='word_1_52' title='bbox 196 1682 287 1776; x_wconf 82' lang='lat' dir='ltr'>Nec</span> <span class='ocrx_word' id='word_1_53' title='bbox 299 1690 475 1800; x_wconf 82' lang='lat' dir='ltr'>lacrymis</span> <span class='ocrx_word' id='word_1_54' title='bbox 493 1687 654 1771; x_wconf 85' lang='lat' dir='ltr'>crudelis</span> <span class='ocrx_word' id='word_1_55' title='bbox 669 1716 790 1788; x_wconf 79' lang='lat' dir='ltr'>atuor,</span> <span class='ocrx_word' id='word_1_56' title='bbox 819 1714 890 1768; x_wconf 87' lang='lat' dir='ltr'>nee</span> <span class='ocrx_word' id='word_1_57' title='bbox 907 1689 1077 1796; x_wconf 87' lang='lat' dir='ltr'>gramina</span> <span class='ocrx_word' id='word_1_58' title='bbox 1094 1688 1195 1786; x_wconf 86' lang='lat' dir='ltr'>rivis,</span> 
     </span>
     <span class='ocr_line' id='line_1_11' title="bbox 197 1801 1268 1942; baseline -0.007 -24"><span class='ocrx_word' id='word_1_59' title='bbox 197 1833 287 1919; x_wconf 87' lang='lat' dir='ltr'>Nec</span> <span class='ocrx_word' id='word_1_60' title='bbox 300 1831 415 1942; x_wconf 87' lang='lat' dir='ltr'>cytiso</span> <span class='ocrx_word' id='word_1_61' title='bbox 427 1830 632 1912; x_wconf 78' lang='lat' dir='ltr'>saturantur</span> <span class='ocrx_word' id='word_1_62' title='bbox 645 1801 745 1941; x_wconf 75' lang='lat' dir='ltr'>apes,</span> <span class='ocrx_word' id='word_1_63' title='bbox 764 1854 836 1910; x_wconf 89' lang='lat' dir='ltr'>nec</span> <span class='ocrx_word' id='word_1_64' title='bbox 853 1826 987 1910; x_wconf 85' lang='lat' dir='ltr'>fronde</span> <span class='ocrx_word' id='word_1_65' title='bbox 1001 1828 1175 1938; x_wconf 82' lang='lat' dir='ltr'>capellae.</span> <span class='ocrx_word' id='word_1_66' title='bbox 1211 1855 1268 1938; x_wconf 80' lang='lat'>30</span> 
     </span>
     <span class='ocr_line' id='line_1_12' title="bbox 190 1960 1240 2079; baseline -0.006 -25"><span class='ocrx_word' id='word_1_67' title='bbox 190 1962 336 2061; x_wconf 71' lang='lat' dir='ltr'>Tristis</span> <span class='ocrx_word' id='word_1_68' title='bbox 352 1960 391 2054; x_wconf 77' lang='lat' dir='ltr'>at</span> <span class='ocrx_word' id='word_1_69' title='bbox 408 1960 495 2054; x_wconf 84' lang='lat' dir='ltr'>ille:</span> <span class='ocrx_word' id='word_1_70' title='bbox 526 1989 654 2053; x_wconf 90' lang='lat' dir='ltr'>tamen</span> <span class='ocrx_word' id='word_1_71' title='bbox 668 1968 875 2066; x_wconf 75' lang='lat' dir='ltr'>cantabitis,</span> <span class='ocrx_word' id='word_1_72' title='bbox 894 1971 1072 2068; x_wconf 76' lang='lat' dir='ltr'>Areades,</span> <span class='ocrx_word' id='word_1_73' title='bbox 1104 1968 1240 2079; x_wconf 87' lang='lat' dir='ltr'>inquit,</span> 
     </span>
     <span class='ocr_line' id='line_1_13' title="bbox 200 2110 1097 2227; baseline -0.008 -28"><span class='ocrx_word' id='word_1_74' title='bbox 200 2113 403 2199; x_wconf 83' lang='lat' dir='ltr'>Montibus</span> <span class='ocrx_word' id='word_1_75' title='bbox 419 2110 513 2195; x_wconf 87' lang='lat' dir='ltr'>haec</span> <span class='ocrx_word' id='word_1_76' title='bbox 532 2112 683 2196; x_wconf 84' lang='lat' dir='ltr'>vestris:</span> <span class='ocrx_word' id='word_1_77' title='bbox 713 2111 781 2194; x_wconf 88' lang='lat' dir='ltr'>soli</span> <span class='ocrx_word' id='word_1_78' title='bbox 798 2129 945 2193; x_wconf 79' lang='lat' dir='ltr'>eantare</span> <span class='ocrx_word' id='word_1_79' title='bbox 961 2113 1097 2227; x_wconf 51' lang='lat' dir='ltr'>periti,</span> 
     </span>
     <span class='ocr_line' id='line_1_14' title="bbox 203 2241 1273 2363; baseline -0.004 -25"><span class='ocrx_word' id='word_1_80' title='bbox 203 2241 383 2338; x_wconf 81' lang='lat' dir='ltr'>Arcades.</span> <span class='ocrx_word' id='word_1_81' title='bbox 416 2254 454 2336; x_wconf 94' lang='lat'>0</span> <span class='ocrx_word' id='word_1_82' title='bbox 467 2252 566 2336; x_wconf 85' lang='lat' dir='ltr'>mihi</span> <span class='ocrx_word' id='word_1_83' title='bbox 579 2271 663 2335; x_wconf 89' lang='lat' dir='ltr'>tum</span> <span class='ocrx_word' id='word_1_84' title='bbox 676 2278 795 2363; x_wconf 85' lang='lat' dir='ltr'>quam</span> <span class='ocrx_word' id='word_1_85' title='bbox 806 2252 973 2335; x_wconf 84' lang='lat' dir='ltr'>molliter</span> <span class='ocrx_word' id='word_1_86' title='bbox 984 2252 1059 2334; x_wconf 81' lang='lat' dir='ltr'>olla</span> <span class='ocrx_word' id='word_1_87' title='bbox 1070 2250 1273 2363; x_wconf 83' lang='lat' dir='ltr'>quiescant,</span> 
     </span>
     <span class='ocr_line' id='line_1_15' title="bbox 203 2380 1058 2501; baseline 0 -23"><span class='ocrx_word' id='word_1_88' title='bbox 203 2396 338 2501; x_wconf 77' lang='lat' dir='ltr'>Vestra</span> <span class='ocrx_word' id='word_1_89' title='bbox 354 2422 460 2478; x_wconf 90' lang='lat' dir='ltr'>meos</span> <span class='ocrx_word' id='word_1_90' title='bbox 478 2394 573 2478; x_wconf 83' lang='lat' dir='ltr'>olim</span> <span class='ocrx_word' id='word_1_91' title='bbox 591 2395 618 2476; x_wconf 85' lang='lat' dir='ltr'>fi</span> <span class='ocrx_word' id='word_1_92' title='bbox 632 2393 755 2476; x_wconf 87' lang='lat' dir='ltr'>fistula</span> <span class='ocrx_word' id='word_1_93' title='bbox 772 2394 873 2476; x_wconf 84' lang='lat' dir='ltr'>dicat</span> <span class='ocrx_word' id='word_1_94' title='bbox 888 2380 1034 2476; x_wconf 84' lang='lat' dir='ltr'>amores</span> <span class='ocrx_word' id='word_1_95' title='bbox 1047 2397 1058 2478; x_wconf 91' lang='lat' dir='ltr'>l</span> 
     </span>
     <span class='ocr_line' id='line_1_16' title="bbox 206 2530 1273 2648; baseline 0 -34"><span class='ocrx_word' id='word_1_96' title='bbox 206 2535 337 2648; x_wconf 72' lang='lat' dir='ltr'>Atque</span> <span class='ocrx_word' id='word_1_97' title='bbox 352 2533 497 2619; x_wconf 82' lang='lat' dir='ltr'>utinam</span> <span class='ocrx_word' id='word_1_98' title='bbox 508 2560 556 2614; x_wconf 86' lang='lat' dir='ltr'>ex</span> <span class='ocrx_word' id='word_1_99' title='bbox 573 2532 679 2621; x_wconf 83' lang='lat' dir='ltr'>vobis</span> <span class='ocrx_word' id='word_1_100' title='bbox 695 2560 805 2632; x_wconf 88' lang='lat' dir='ltr'>unus,</span> <span class='ocrx_word' id='word_1_101' title='bbox 834 2531 1019 2643; x_wconf 87' lang='lat' dir='ltr'>vestrique</span> <span class='ocrx_word' id='word_1_102' title='bbox 1034 2530 1185 2614; x_wconf 83' lang='lat' dir='ltr'>fuiliem</span> <span class='ocrx_word' id='word_1_103' title='bbox 1219 2560 1240 2642; x_wconf 82' lang='lat'>3</span> <span class='ocrx_word' id='word_1_104' title='bbox 1252 2558 1273 2644; x_wconf 78' lang='grc' dir='ltr'><strong><em>ς</em></strong></span> 
     </span>
     <span class='ocr_line' id='line_1_17' title="bbox 208 2669 1137 2785; baseline -0.001 -32"><span class='ocrx_word' id='word_1_105' title='bbox 208 2675 290 2753; x_wconf 82' lang='lat' dir='ltr'>Aut</span> <span class='ocrx_word' id='word_1_106' title='bbox 302 2669 425 2754; x_wconf 88' lang='lat' dir='ltr'>custos</span> <span class='ocrx_word' id='word_1_107' title='bbox 438 2673 573 2780; x_wconf 83' lang='lat' dir='ltr'>gregis,</span> <span class='ocrx_word' id='word_1_108' title='bbox 601 2691 665 2753; x_wconf 89' lang='lat' dir='ltr'>aut</span> <span class='ocrx_word' id='word_1_109' title='bbox 680 2691 857 2785; x_wconf 81' lang='lat' dir='ltr'>maturae</span> <span class='ocrx_word' id='word_1_110' title='bbox 867 2673 1003 2753; x_wconf 84' lang='lat' dir='ltr'>vinitor</span> <span class='ocrx_word' id='word_1_111' title='bbox 1022 2675 1137 2753; x_wconf 77' lang='lat' dir='ltr'>uvae!</span> 
     </span>
     <span class='ocr_line' id='line_1_18' title="bbox 208 2800 1117 2921; baseline -0.001 -28"><span class='ocrx_word' id='word_1_112' title='bbox 208 2800 321 2893; x_wconf 77' lang='lat' dir='ltr'>Certe</span> <span class='ocrx_word' id='word_1_113' title='bbox 332 2811 405 2892; x_wconf 89' lang='lat' dir='ltr'>five</span> <span class='ocrx_word' id='word_1_114' title='bbox 419 2809 517 2893; x_wconf 92' lang='lat' dir='ltr'>mihi</span> <span class='ocrx_word' id='word_1_115' title='bbox 530 2810 688 2921; x_wconf 85' lang='lat' dir='ltr'>Phyllis,</span> <span class='ocrx_word' id='word_1_116' title='bbox 720 2813 794 2893; x_wconf 87' lang='lat' dir='ltr'>five</span> <span class='ocrx_word' id='word_1_117' title='bbox 812 2809 899 2894; x_wconf 81' lang='lat' dir='ltr'>effet</span> <span class='ocrx_word' id='word_1_118' title='bbox 918 2812 1117 2921; x_wconf 82' lang='lat' dir='ltr'>Amyntas,</span> 
     </span>
    </p>

    <p class='ocr_par' dir='ltr' id='par_1_4' title="bbox 117 2932 1283 4037">
     <span class='ocr_line' id='line_1_19' title="bbox 211 2932 1283 3065; baseline -0.004 -29"><span class='ocrx_word' id='word_1_119' title='bbox 211 2955 286 3036; x_wconf 85' lang='lat' dir='ltr'>Seu</span> <span class='ocrx_word' id='word_1_120' title='bbox 314 2932 548 3065; x_wconf 87' lang='lat' dir='ltr'>quicumque</span> <span class='ocrx_word' id='word_1_121' title='bbox 579 2951 684 3035; x_wconf 86' lang='lat' dir='ltr'>furor</span> <span class='ocrx_word' id='word_1_122' title='bbox 724 2952 845 3063; x_wconf 82' lang='lat' dir='ltr'>(quid</span> <span class='ocrx_word' id='word_1_123' title='bbox 868 2970 967 3053; x_wconf 87' lang='lat' dir='ltr'>tum,</span> <span class='ocrx_word' id='word_1_124' title='bbox 1012 2953 1040 3033; x_wconf 83' lang='lat' dir='ltr'>fi</span> <span class='ocrx_word' id='word_1_125' title='bbox 1066 2951 1191 3034; x_wconf 87' lang='lat' dir='ltr'>fuscus</span> <span class='ocrx_word' id='word_1_126' title='bbox 1223 2953 1283 3032; x_wconf 77' lang='lat' dir='ltr'>A·</span> 
     </span>
     <span class='ocr_line' id='line_1_20' title="bbox 117 3071 569 3199; baseline 0.002 -27"><span class='ocrx_word' id='word_1_127' title='bbox 117 3071 121 3079; x_wconf 67' lang='lat'><em>,</em></span> <span class='ocrx_word' id='word_1_128' title='bbox 293 3084 297 3091; x_wconf 43' lang='lat'><strong>¹</strong></span> <span class='ocrx_word' id='word_1_129' title='bbox 397 3097 569 3199; x_wconf 89' lang='lat' dir='ltr'>myntas?</span> 
     </span>
     <span class='ocr_line' id='line_1_21' title="bbox 213 3226 1043 3339; baseline -0.004 -26"><span class='ocrx_word' id='word_1_130' title='bbox 213 3229 266 3313; x_wconf 85' lang='lat' dir='ltr'>Et</span> <span class='ocrx_word' id='word_1_131' title='bbox 283 3226 408 3338; x_wconf 84' lang='lat' dir='ltr'>nigrae</span> <span class='ocrx_word' id='word_1_132' title='bbox 425 3227 544 3311; x_wconf 86' lang='lat' dir='ltr'>violae</span> <span class='ocrx_word' id='word_1_133' title='bbox 558 3229 653 3329; x_wconf 87' lang='lat' dir='ltr'>sunt,</span> <span class='ocrx_word' id='word_1_134' title='bbox 681 3247 718 3310; x_wconf 92' lang='lat' dir='ltr'>et</span> <span class='ocrx_word' id='word_1_135' title='bbox 731 3230 895 3311; x_wconf 86' lang='lat' dir='ltr'>vaccinia</span> <span class='ocrx_word' id='word_1_136' title='bbox 907 3229 1043 3339; x_wconf 67' lang='lat' dir='ltr'>nigra)</span> 
     </span>
     <span class='ocr_line' id='line_1_22' title="bbox 214 3356 1280 3483; baseline 0.007 -32"><span class='ocrx_word' id='word_1_137' title='bbox 214 3366 380 3452; x_wconf 90' lang='lat' dir='ltr'>Mecum</span> <span class='ocrx_word' id='word_1_138' title='bbox 397 3356 492 3456; x_wconf 86' lang='lat' dir='ltr'>inter</span> <span class='ocrx_word' id='word_1_139' title='bbox 510 3370 634 3454; x_wconf 82' lang='lat' dir='ltr'>salices</span> <span class='ocrx_word' id='word_1_140' title='bbox 652 3371 751 3453; x_wconf 88' lang='lat' dir='ltr'>lenta</span> <span class='ocrx_word' id='word_1_141' title='bbox 770 3373 837 3454; x_wconf 93' lang='lat' dir='ltr'>sub</span> <span class='ocrx_word' id='word_1_142' title='bbox 856 3373 930 3475; x_wconf 82' lang='lat' dir='ltr'>vite</span> <span class='ocrx_word' id='word_1_143' title='bbox 942 3375 1092 3483; x_wconf 83' lang='lat' dir='ltr'>jaceret.</span> <span class='ocrx_word' id='word_1_144' title='bbox 1222 3394 1280 3481; x_wconf 74' lang='lat'>40</span> 
     </span>
     <span class='ocr_line' id='line_1_23' title="bbox 215 3496 1164 3626; baseline 0.007 -32"><span class='ocrx_word' id='word_1_145' title='bbox 215 3513 318 3594; x_wconf 86' lang='lat' dir='ltr'>Serta</span> <span class='ocrx_word' id='word_1_146' title='bbox 336 3496 433 3594; x_wconf 82' lang='lat' dir='ltr'>mihi</span> <span class='ocrx_word' id='word_1_147' title='bbox 455 3509 599 3623; x_wconf 90' lang='lat' dir='ltr'>Phyllis</span> <span class='ocrx_word' id='word_1_148' title='bbox 615 3512 765 3623; x_wconf 83' lang='lat' dir='ltr'>legeret,</span> <span class='ocrx_word' id='word_1_149' title='bbox 787 3534 949 3598; x_wconf 83' lang='lat' dir='ltr'>cantaret</span> <span class='ocrx_word' id='word_1_150' title='bbox 966 3521 1164 3626; x_wconf 85' lang='lat' dir='ltr'>Amyntas.</span> 
     </span>
     <span class='ocr_line' id='line_1_24' title="bbox 216 3629 1208 3767; baseline 0.002 -31"><span class='ocrx_word' id='word_1_151' title='bbox 216 3654 296 3736; x_wconf 91' lang='lat' dir='ltr'>Hic</span> <span class='ocrx_word' id='word_1_152' title='bbox 312 3651 425 3765; x_wconf 85' lang='lat' dir='ltr'>gelidi</span> <span class='ocrx_word' id='word_1_153' title='bbox 441 3629 563 3735; x_wconf 88' lang='lat' dir='ltr'>fontes</span> <span class='ocrx_word' id='word_1_154' title='bbox 579 3695 591 3753; x_wconf 62' lang='grc' dir='ltr'><strong>ς</strong></span> <span class='ocrx_word' id='word_1_155' title='bbox 623 3651 686 3735; x_wconf 90' lang='lat' dir='ltr'>hic</span> <span class='ocrx_word' id='word_1_156' title='bbox 698 3640 830 3737; x_wconf 85' lang='lat' dir='ltr'>mollia</span> <span class='ocrx_word' id='word_1_157' title='bbox 843 3676 959 3767; x_wconf 84' lang='lat' dir='ltr'>prata,</span> <span class='ocrx_word' id='word_1_158' title='bbox 991 3659 1128 3766; x_wconf 71' lang='lat' dir='ltr'>Lyconi</span> <span class='ocrx_word' id='word_1_159' title='bbox 1137 3699 1150 3757; x_wconf 79' lang='lat'>3</span> <span class='ocrx_word' id='word_1_160' title='bbox 1204 3741 1208 3746; x_wconf 75' lang='grc'><em>,</em></span> 
     </span>
     <span class='ocr_line' id='line_1_25' title="bbox 216 3774 1163 3906; baseline 0.004 -29"><span class='ocrx_word' id='word_1_161' title='bbox 216 3793 297 3877; x_wconf 89' lang='lat' dir='ltr'>Hic</span> <span class='ocrx_word' id='word_1_162' title='bbox 311 3774 469 3876; x_wconf 84' lang='lat' dir='ltr'>nemus:</span> <span class='ocrx_word' id='word_1_163' title='bbox 500 3793 565 3875; x_wconf 85' lang='lat' dir='ltr'>hic</span> <span class='ocrx_word' id='word_1_164' title='bbox 577 3794 656 3906; x_wconf 92' lang='lat' dir='ltr'>ipso</span> <span class='ocrx_word' id='word_1_165' title='bbox 669 3814 798 3876; x_wconf 87' lang='lat' dir='ltr'>tecum</span> <span class='ocrx_word' id='word_1_166' title='bbox 811 3798 1049 3895; x_wconf 72' lang='lat' dir='ltr'>consumerer</span> <span class='ocrx_word' id='word_1_167' title='bbox 1059 3827 1163 3881; x_wconf 85' lang='lat' dir='ltr'>aevo.</span> 
     </span>
     <span class='ocr_line' id='line_1_26' title="bbox 217 3933 1146 4037; baseline 0.008 -25"><span class='ocrx_word' id='word_1_168' title='bbox 217 3933 336 4014; x_wconf 91' lang='lat' dir='ltr'>Nunc</span> <span class='ocrx_word' id='word_1_169' title='bbox 355 3934 501 4015; x_wconf 88' lang='lat' dir='ltr'>insanus</span> <span class='ocrx_word' id='word_1_170' title='bbox 512 3963 619 4019; x_wconf 83' lang='lat' dir='ltr'>amor</span> <span class='ocrx_word' id='word_1_171' title='bbox 633 3936 716 4016; x_wconf 84' lang='lat' dir='ltr'>duri</span> <span class='ocrx_word' id='word_1_172' title='bbox 730 3963 794 4017; x_wconf 87' lang='lat' dir='ltr'>me</span> <span class='ocrx_word' id='word_1_173' title='bbox 812 3938 947 4018; x_wconf 85' lang='lat' dir='ltr'>Martis</span> <span class='ocrx_word' id='word_1_174' title='bbox 965 3938 1004 4019; x_wconf 87' lang='lat' dir='ltr'>in</span> <span class='ocrx_word' id='word_1_175' title='bbox 1019 3939 1146 4037; x_wconf 82' lang='lat' dir='ltr'>armis,</span> 
     </span>
    </p>
   </div>
   <div class='ocr_carea' id='block_1_3' title="bbox 221 4070 1286 4212">
    <p class='ocr_par' dir='ltr' id='par_1_5' title="bbox 221 4070 1286 4212">
     <span class='ocr_line' id='line_1_27' title="bbox 221 4070 1286 4212; baseline 0.008 -60"><span class='ocrx_word' id='word_1_176' title='bbox 221 4070 318 4155; x_wconf 86' lang='lat' dir='ltr'>Tela</span> <span class='ocrx_word' id='word_1_177' title='bbox 332 4070 426 4156; x_wconf 83' lang='lat' dir='ltr'>inter</span> <span class='ocrx_word' id='word_1_178' title='bbox 439 4077 578 4198; x_wconf 86' lang='lat' dir='ltr'>media,</span> <span class='ocrx_word' id='word_1_179' title='bbox 609 4092 720 4212; x_wconf 77' lang='lat' dir='ltr'>atque</span> <span class='ocrx_word' id='word_1_180' title='bbox 732 4077 901 4182; x_wconf 84' lang='lat' dir='ltr'>adversos</span> <span class='ocrx_word' id='word_1_181' title='bbox 919 4078 1060 4162; x_wconf 85' lang='lat' dir='ltr'>detinet</span> <span class='ocrx_word' id='word_1_182' title='bbox 1079 4075 1215 4164; x_wconf 86' lang='lat' dir='ltr'>hostes.</span> <span class='ocrx_word' id='word_1_183' title='bbox 1230 4105 1256 4184; x_wconf 82' lang='lat'>4</span> <span class='ocrx_word' id='word_1_184' title='bbox 1263 4100 1286 4190; x_wconf 81' lang='lat'><em>3</em></span> 
     </span>
    </p>
   </div>
   <div class='ocr_carea' id='block_1_4' title="bbox 1230 4336 1300 4448">
    <p class='ocr_par' dir='ltr' id='par_1_6' title="bbox 1230 4336 1300 4448">
     <span class='ocr_line' id='line_1_28' title="bbox 1230 4336 1300 4448; baseline 0 -30"><span class='ocrx_word' id='word_1_185' title='bbox 1230 4336 1300 4448; x_wconf 79' lang='lat' dir='ltr'>Tu</span> 
     </span>
    </p>
   </div>
   <div class='ocr_carea' id='block_1_5' title="bbox 0 0 1505 5190">
    <p class='ocr_par' dir='ltr' id='par_1_7' title="bbox 0 0 1505 5190">
     <span class='ocr_line' id='line_1_29' title="bbox 0 0 1505 5190; baseline 0 0"><span class='ocrx_word' id='word_1_186' title='bbox 0 0 1505 5190; x_wconf 95' lang='lat' dir='ltr'> </span> 
     </span>
    </p>
   </div>
  </div>
 </body>
</html>
