2940 5190
527 279 580 376 H
606 310 673 382 rs
704 310 732 368 a
758 313 789 375 o
814 313 844 374 u
867 316 884 375 1
915 314 958 376 n.

207 485 467 597 magistratum
480 484 692 588 abdicaffet,
718 511 809 567 nam
824 510 860 569 v.
886 515 953 572 11.
986 473 1202 597 Tequeadeo
1215 491 1279 576 de-

207 656 270 711 cus
285 626 349 708 hoc
368 627 458 709 aeui
469 643 508 709 te
520 623 659 738 consule
675 624 791 707 inibit
804 623 959 712 Pollio:
1000 626 1085 736 post
1102 630 1279 715 Brundu-

204 766 480 879 finam-pacem
496 766 677 848 Pollionis
694 793 807 876 opera
838 763 1092 868 constitutam,
1130 799 1223 853 nam
1239 800 1279 853 v.

210 935 281 1024 17.
312 910 564 1020 Pacatumque
596 920 700 1018 reget
720 904 864 1016 patriis
889 903 1098 990 virtutibus
1124 909 1275 996 orbem:

205 1026 290 1159 post
304 1077 439 1160 pacem
457 1051 573 1131 etiarn
595 1047 856 1144 Puteolanam,
894 1045 1039 1129 invecta
1070 1049 1208 1134 scilicet
1234 1055 1278 1138 iu

203 1190 342 1272 urbem
357 1191 595 1288 abundantia,
625 1218 717 1271 nam
733 1217 769 1270 v.
791 1217 861 1274 21.
896 1188 1001 1297 Ipfire
1029 1188 1122 1271 latae
1140 1191 1277 1277 domum

204 1331 373 1442 referent
383 1328 539 1424 dilientu
553 1330 711 1441 capellae
722 1328 847 1435 ubera,
880 1333 957 1417 διε.
985 1332 1105 1441 Igitur
1121 1334 1190 1416 sub
1206 1365 1276 1419 ex-

204 1486 347 1553 tremos
363 1473 553 1556 annidies.
585 1472 724 1580 Parum
736 1470 841 1554 enim
857 1471 943 1552 sana
958 1469 1082 1555 fuiffet
1093 1471 1157 1555 illa
1175 1493 1276 1560 aeta-
1442 1544 1445 1551 .

206 1610 255 1693 tis
282 1639 413 1696 aureae
440 1610 645 1731 promiffio,
692 1611 929 1716 imminente,
974 1629 1039 1693 aut
1053 1613 1283 1723 Brundufiui

203 1750 308 1854 belli,
339 1771 405 1836 aut
417 1755 667 1866 Pompeianae
683 1752 795 1835 famis
812 1769 929 1834 metu.
1255 1726 1259 1735 ,
1277 1821 1282 1828 .

266 1895 400 1978 mnus
412 1895 465 1981 U.
480 1893 529 1977 C·
550 1924 603 2010 7¹
615 1923 653 2008 ς.
672 1890 830 2002 Augusti
850 1919 922 2002 25.
945 1888 1105 2001 Virgilii
1122 1902 1198 2008 32.⁴

264 2033 315 2123 L.
334 2035 565 2121 Mnacrus
587 2037 898 2123 Crusouruus.
1356 2056 1368 2075 ·

266 2175 315 2282 C.
340 2175 595 2258 Cauvrsrur
618 2177 836 2256 surmus.

307 2315 414 2396 Ollio
432 2314 580 2397 bellum
592 2315 760 2395 adversus
778 2305 976 2394 Parthinos
989 2306 1146 2395 feliciter
1158 2312 1287 2424 geritr

328 2451 526 2561 dequibus
540 2450 870 2561 triumphumagit
887 2453 925 2534 8.
937 2451 1279 2540 KaltNovembria.

264 2593 378 2675 Dum
396 2592 484 2675 inde
501 2591 625 2675 Pollio
644 2594 815 2674 Romam
843 2593 938 2675 redit
955 2594 1004 2676 ad
1022 2575 1277 2709 triumphum,

205 2731 476 2844 perlustratque
497 2732 637 2844 lllyrici
656 2752 700 2816 vet
718 2734 897 2831 Venetiae
919 2734 1026 2817 litora
1037 2776 1050 2834 3
1098 2737 1278 2849 Virgilius

204 2872 392 2983 Eclogam
415 2872 590 2965 octavam
610 2874 819 2982 componit,
869 2873 936 2953 ubi
957 2864 1170 2983 perstringit
1195 2877 1278 2959 bel-

203 2989 294 3097 licas
322 3015 400 3124 ejus
425 3013 565 3114 laudes,
606 3043 642 3096 v.
664 3018 704 3097 6.
748 3007 805 3094 Tu
831 3010 935 3110 mihi,
960 3017 1033 3119 seu
1067 3014 1194 3123 magni
1204 3015 1279 3122 su-

197 3169 310 3264 peras
329 3150 420 3256 jum¹
435 3153 537 3264 stura
567 3147 734 3255 limavi,
762 3152 848 3260 five
876 3180 978 3236 oram
1012 3151 1159 3263 Illyrici
1189 3153 1279 3268 Iegis

204 3296 385 3410 aequoris,
417 3301 495 3381 &a
689 3274 692 3279 ¹

169 3435 171 3439 ’
191 3484 216 3520 «r
266 3440 356 3521 Nec
371 3439 502 3559 procul
520 3441 569 3525 ab
585 3469 631 3524 eo
648 3457 831 3552 tempore,
870 3467 1010 3553 nempe
1036 3439 1135 3523 circa
1155 3441 1279 3524 medi-

204 3609 276 3663 um
309 3583 533 3681 Octobrem,
561 3582 706 3699 videtur
719 3583 851 3694 scripta
865 3583 980 3667 etiam
995 3581 1072 3681 illa,
1103 3611 1199 3692 quae
1216 3610 1280 3663 or-

205 3719 295 3801 dine
318 3721 424 3803 tertia
454 3723 607 3833 legitur:
650 3751 743 3804 cum
767 3721 905 3805 scilicet
922 3721 1095 3803 vistimae
1112 3739 1151 3801 et
1181 3694 1281 3802 lacra

206 3857 451 3971 triumphalia
466 3890 537 3973 pro
551 3861 731 3945 Pollionis
755 3862 909 3943 victoria
930 3875 1154 3973 pararentur.
1187 3860 1280 3942 Ideo

207 4001 453 4084 commendat
467 4011 591 4116 po'e’ta,
621 4021 665 4085 ut
692 4002 801 4085 vituli
820 4002 992 4112 taurique
1015 4001 1177 4084 Pollioni
1197 4000 1280 4111 pas-

207 4154 340 4227 cantur
364 4170 401 4257 r,
436 4145 506 4259 84.
568 4143 688 4233 Pollio
712 4159 814 4230 amat
845 4141 1015 4251 nostram,
1050 4141 1215 4255 quamvis
1226 4140 1281 4248 fit

818 4283 846 4370 b
1129 4276 1278 4391 rustica,
