2940 5190
102 368 105 373 ’
201 399 303 493 204
355 408 360 418 ·
406 364 757 463 P.‘V1norurr
791 362 1071 464 Manoura

100 630 103 635 -
195 572 322 656 Sidera
338 571 473 653 consta
490 584 595 650 notat
610 568 724 649 tacito
744 567 905 651 labentia
919 569 1040 669 coelo,
1179 582 1273 684 315

193 713 415 806 Arcturum,
429 708 643 821 pluviasque
657 708 825 818 Hyadas,
840 709 1084 819 geminosque
1091 710 1286 794 Triones,-

191 852 476 959 Armatumque
491 876 582 930 auro
595 847 846 956 circumspicit
863 848 1021 933 Oriona.
1133 922 1136 929 .

192 990 401 1100 Postquam
424 991 559 1071 cuncta
574 987 676 1069 videt
691 986 799 1069 coelo
816 987 982 1070 constare
1000 988 1140 1083 sereno,

192 1128 276 1211 Dat
291 1128 471 1209 clarume
487 1127 603 1238 puppi
614 1126 788 1235 fignum:
816 1153 884 1207 nos
904 1127 1022 1208 castra·
1035 1153 1248 1228 movemus,

35 1366 39 1377 ι
194 1269 481 1377 Tentamusque
494 1270 608 1366 viam,
620 1285 658 1347 et
678 1266 850 1350 velorum
866 1267 1066 1377 pandimus
1075 1266 1161 1351 alas.
1178 1295 1272 1379 520
1350 1254 1357 1264 ⁵

194 1410 362 1521 Jamque
375 1408 590 1491 rubescebat
602 1405 714 1489 stellis
733 1435 863 1489 aurora
878 1407 1037 1517 fugatis:

193 1551 303 1647 Cum
321 1549 453 1660 procul
471 1547 644 1628 obscuros
664 1546 791 1649 colles,
816 1545 1079 1658 humilemque
1095 1546 1271 1630 videmut

193 1686 356 1768 ltaliam.
387 1684 533 1766 Italiam
551 1689 694 1794 primus
711 1684 931 1799 conclamat⁸
940 1686 1104 1768 Achates
1111 1727 1126 1787 3
1180 1754 1184 1760 .
1269 1772 1271 1776 Α

193 1826 346 1907 Italiam
362 1824 459 1905 laeto
473 1824 561 1904 socii
575 1824 741 1905 clamore
757 1821 924 1904 salutant.

192 1964 306 2046 Tum
322 1982 425 2074 pater
435 1961 617 2049 Anchises
636 1990 822 2073 magnum
840 1981 978 2046 cratera
991 1992 1129 2049 corona
1178 1993 1232 2080 52
1240 1992 1267 2082 ς

63 2116 67 2121 ’
193 2105 336 2206 Induit,
362 2105 607 2214 implevitque
625 2132 744 2202 mero,
765 2104 943 2216 divosque
968 2108 1126 2205 vocavit,

193 2246 303 2329 Stans
325 2245 419 2326 celsa
440 2244 481 2324 in
497 2247 641 2357 puppi:
959 2240 976 2263 ⁵

136 2377 140 2386 ’
195 2388 265 2486 Di,
289 2389 401 2470 maris
418 2404 457 2468 et
473 2403 589 2470 terrae
606 2387 944 2498 tempestatumque
965 2404 1146 2498 potentes,

194 2527 307 2609 Ferte
320 2527 422 2608 viam
436 2543 549 2607 vento
566 2525 731 2625 facilem,
753 2544 791 2607 et
808 2526 938 2636 spirate
955 2527 1119 2611 secundi.

35 2718 36 2723 κ
97 2716 105 2725 ·
194 2665 440 2775 Crebpescunt
453 2683 599 2776 optatae
612 2694 731 2764 aurae,
744 2665 943 2776 portusque
962 2666 1112 2777 patescit
1178 2692 1202 2773 ς
1209 2693 1267 2774 3ο

194 2808 285 2917 Jam
310 2807 474 2918 propior,
506 2808 770 2919 templumque
812 2824 964 2918 apparet
995 2808 1035 2888 in
1071 2833 1154 2889 arce
1181 2804 1269 2885 Mi-

200 2998 206 3014 ·
380 2976 525 3030 nervae.

195 3087 294 3169 Vela
310 3087 438 3196 legunt
449 3089 561 3188 socii,
576 3106 613 3169 et
627 3117 753 3197 proras
771 3091 818 3169 ad
836 3088 943 3169 litora
959 3106 1145 3198 torquent.

194 3224 329 3327 Portus
346 3226 393 3304 ab
409 3227 493 3307 Eoo
513 3226 630 3306 fluctu
645 3246 817 3308 curvatur
838 3230 877 3308 in
895 3255 1049 3326 arcum3

194 3363 375 3472 oojeuae
397 3362 483 3443 salsa
506 3364 679 3473 spumant
697 3365 885 3474 aspergine
907 3384 1054 3463 cautes;

192 3502 275 3612 Ipse
288 3502 386 3587 latet.
417 3503 570 3611 gemino
587 3503 791 3584 demittunt
807 3502 961 3585 brachia
979 3532 1092 3585 muro
1174 3535 1225 3616 53
1235 3537 1260 3618 ς

192 3644 339 3726 Turriti
356 3643 509 3755 scopuli,
529 3645 740 3755 refugitque
755 3673 778 3725 a
795 3645 901 3728 litore
918 3647 1120 3755 templum.

193 3783 366 3890 Qatuor
379 3783 469 3886 hic,
498 3787 668 3899 primum
699 3814 825 3885 omen,
855 3813 970 3895 equos
1009 3787 1050 3868 in
1092 3786 1262 3897 gramine

376 3927 455 4006 vidi

192 4061 410 4145 Tondentes
430 4094 612 4175 campum
633 4068 717 4166 late,
740 4067 899 4150 candore
921 4065 1048 4154 nivali.

193 4204 246 4287 Et
260 4219 363 4315 pater
380 4203 582 4293 Anchises:
612 4207 769 4313 bellum,
783 4228 914 4327 oterra
927 4208 1085 4330 lrospita,
1099 4226 1248 4324 portam

1158 4346 1266 4431 Bello
