2940 5190
327 384 425 513 156
509 377 1186 477 P.V1norc11Manonre

319 582 556 668 Dardanidae
571 581 702 664 infenfi
721 605 858 694 poenas
874 609 967 663 cum
985 582 1162 694 sanguine
1183 584 1367 697 poscunt.-

320 727 413 824 Quo
431 724 576 835 gemitu
591 722 756 803 converti
775 722 905 821 animi,
925 723 1152 834 compressus
1165 730 1346 813 etomnis

319 868 502 978 Impetus.
532 864 728 946 hortamur
744 865 827 963 fari,
848 892 927 976 quo
948 865 1124 975 sanguine
1141 886 1277 968 metue,

319 1009 472 1109 Quidve
487 1007 593 1108 ferar,
614 1025 824 1105 memoret;
846 1034 942 1117 quae
957 1007 1001 1087 fit
1021 1006 1160 1089 fiducia
1178 1029 1302 1122 capto.
1338 1040 1367 1130 7
1371 1038 1397 1129 ς

146 1190 151 1202 ·
321 1150 393 1234 Ille
410 1150 517 1251 haec,
537 1151 702 1262 depofita
718 1150 872 1232 tandem
888 1147 1104 1254 formidine,
1120 1150 1245 1235 fatur:

320 1292 469 1375 Cundia
490 1292 670 1400 equidem
686 1290 768 1388 tibi,
798 1318 878 1389 rex,
903 1288 1016 1371 fuerit
1039 1291 1309 1403 quodcunque,
1338 1291 1400 1375 fa.

504 1432 642 1530 rebor,

320 1570 433 1669 vera,
451 1571 596 1680 inquit:
628 1598 750 1681 neque
769 1600 833 1654 me
846 1571 1025 1682 Argolica
1043 1571 1216 1681 degente
1232 1572 1399 1684 negabo,

321 1710 414 1795 Hoc
426 1712 607 1822 primum.
639 1739 722 1809 nec,
745 1714 773 1794 s1
792 1713 970 1794 miserum
989 1714 1138 1795 fortuna
1149 1717 1333 1799 Sinonem
1352 1742 1355 1747 ·

320 1851 464 1950 Finxit,
480 1816 621 1933 varium
634 1855 749 1933 etiam
765 1853 1063 1962 mendacemque
1077 1853 1249 1965 improba
1266 1854 1403 1968 finget.

318 1993 453 2077 Fando
471 1980 662 2105 aliquodsi
682 1996 777 2079 forte
788 2014 869 2078 tuas
880 1996 1047 2107 pervenit
1059 1996 1107 2078 ad
1126 2026 1230 2082 aures
1336 2000 1396 2096 ,81

315 2133 466 2219 Belidae
479 2163 619 2217 nomen
628 2135 849 2236 Palamedis,
865 2154 903 2216 et
914 2135 1052 2244 inclyta
1062 2136 1166 2217 fama

321 2272 475 2358 Gloria:
490 2304 607 2387 quem
618 2275 708 2359 salsa
721 2276 789 2357 sub
801 2276 1011 2387 proditione
1029 2258 1172 2385 Pelasgi

320 2414 512 2497 Insontem
531 2417 685 2499 infando
702 2417 854 2512 indicio,
869 2417 958 2525 quia
971 2415 1071 2496 bella
1081 2415 1239 2514 vetabat,

321 2556 516 2639 Demisere
533 2557 643 2651 neci;
668 2583 768 2636 nunc
789 2554 930 2637 cassum
951 2555 1095 2635 lumine
1119 2557 1263 2665 lugent.
1342 2559 1366 2641 8
1376 2590 1401 2671 ς

320 2695 387 2786 llli
403 2724 467 2779 me
481 2696 675 2799 comitem,
696 2716 734 2777 et
749 2696 1063 2807 consanguinitate
1081 2700 1357 2811 propinquum,

207 2812 211 2817 .
320 2838 468 2951 Pauper
480 2838 519 2919 sn
534 2866 639 2920 arma
653 2858 756 2949 pater
773 2838 904 2949 primis
915 2835 992 2919 huc
1013 2836 1113 2919 mifit
1128 2837 1176 2919 ab
1187 2839 1305 2925 annis.

320 2980 432 3063 Dum
450 2979 567 3061 stabat
588 3009 704 3092 regno
724 2980 939 3082 incolumis,
961 3006 1171 3089 regumque
1190 2980 1341 3089 vigebat

323 3109 521 3218 Consiliis3
545 3138 582 3201 et
599 3148 667 3201 nos
681 3120 834 3231 aliquod
855 3149 1071 3229 nomenque
1092 3120 1281 3230 decusque

321 3259 525 3344 Geffimus.
555 3260 692 3341 invidia
709 3260 910 3371 postquam
926 3260 1077 3371 pellacis
1089 3258 1232 3369 Ulyffei
1343 3288 1405 3374 90

322 3396 465 3510 (Haud
487 3399 612 3508 ignota
632 3397 785 3507 loquor)
805 3400 942 3509 superis
961 3397 1135 3480 conceffit
1146 3398 1193 3478 ab
1213 3390 1308 3497 oris,

320 3539 502 3622 Afflraus
517 3543 633 3621 vitam
645 3541 858 3622 intenebris
878 3541 1059 3652 ludtuque
1073 3538 1281 3641 trahebam,

323 3682 377 3763 Et
394 3682 522 3764 casum
534 3683 684 3764 insontis
700 3710 854 3765 mecum
872 3685 1090 3794 indignabar
1102 3682 1228 3765 amici.

323 3820 412 3904 Nec
429 3823 528 3903 tacui
546 3823 720 3907 demens:
739 3842 776 3903 et
794 3823 1252 3932 me,forss1quatuliffet,

324 3960 363 4037 si
381 3962 517 4068 patrios
536 3992 706 4072 unquam
724 3963 941 4045 remeassem
961 3962 1080 4043 vietor
1097 3963 1146 4042 ad
1157 3965 1295 4072 Argos,
1346 3992 1373 4073 9
1379 3990 1407 4076 5

324 4099 482 4179 Promifi
502 4100 677 4202 ultorem,
697 4121 734 4183 et
748 4105 868 4183 verbis
886 4103 972 4184 odia
985 4102 1110 4213 aspera
1127 4105 1245 4188 movi.

325 4240 431 4358 liure
445 4239 542 4335 mihi
555 4243 677 4356 prima
687 4245 781 4329 mali
798 4245 922 4372 labeer
953 4245 1046 4331 hinc
1057 4248 1203 4365 semper
1214 4245 1364 4356 Ulyssea

1172 4387 1413 4507 Criminibus
