2940 5190
419 312 1047 442 'nrnrlooslrnnls
1163 364 1261 474 199

193 547 475 663 Longaprocul
498 545 618 657 longis
635 547 695 627 via
704 534 837 626 div'idit
851 546 950 628 invia
962 548 1077 635 terris.

196 694 298 775 Ante
310 709 349 771 et
367 689 563 772 Trinacria
573 687 767 770 lentandus
780 714 906 769 remus
926 689 967 770 in
983 691 1097 792 unda,
1151 742 1155 753 ·

194 832 246 912 Et
263 829 344 912 salis
356 829 514 912 Ausonii
530 827 765 910 lustrandum
777 827 933 910 navibus
950 857 1102 940 aequor,
1175 818 1262 947 385Ι

194 968 411 1078 Infernique
432 969 546 1066 lacus,
578 969 797 1076 Aeaeaeque
809 965 926 1047 insula
940 969 1079 1069 Circes,

196 1111 327 1208 Quam
344 1127 425 1190 tuta
442 1106 554 1217 poffis
569 1108 704 1187 urbem
721 1134 948 1225 componere
965 1127 1072 1193 terra.

196 1249 308 1359 Signa
321 1247 390 1329 tibi
405 1245 531 1327 dicam
541 1286 553 1344 3
584 1246 628 1327 tu
647 1245 798 1326 condita
818 1263 946 1329 mente
963 1265 1101 1333 teneto.

196 1391 301 1470 Cum
319 1388 389 1467 tibi
400 1385 554 1467 sollicito
570 1386 695 1467 secreti
706 1386 754 1466 ad
772 1383 941 1470 fluminis
960 1389 1105 1472 undam

196 1527 356 1608 Litoreis
371 1527 502 1633 ingens
520 1527 666 1606 inventa
679 1525 746 1606 sub
763 1525 908 1606 ilicibus
920 1527 989 1624 suc,
1178 1523 1265 1640 39'0

196 1665 370 1773 Triginta
383 1665 549 1774 capitum
566 1664 690 1746 foetus
709 1663 831 1762 enixa,
857 1665 1009 1772 jacebit,

198 1804 313 1903 Alba,
344 1804 422 1885 solo
434 1804 625 1907 recubans,
654 1802 729 1884 albi
744 1803 889 1884 circum
906 1805 1020 1887 ubera
1035 1805 1110 1888 nati
1125 1836 1138 1888 ε

198 1945 236 2026 ls
248 1942 353 2026 locus
364 1944 465 2026 urbis
478 1945 571 2041 erit3
604 1944 747 2054 requies
764 1971 806 2023 ea
821 1962 920 2024 certa
931 1943 1116 2036 laborum.

199 2086 288 2167 Nec
305 2105 349 2166 tu
360 2085 574 2166 mensarum
593 2085 736 2166 morsus
755 2083 922 2166 horresce
939 2087 1108 2172 firturosz

198 2225 292 2306 Fata
308 2225 408 2305 viam
422 2224 623 2325 invenient,
635 2224 827 2332 aderitque
841 2242 992 2305 vocatus
1007 2226 1163 2337 Apollo.
1180 2254 1267 2342 395

201 2365 284 2446 Has
299 2382 428 2445 autem
439 2382 561 2460 terras,
595 2363 753 2472 Italique
766 2359 865 2443 hanc
884 2363 999 2447 litoris
1012 2395 1132 2465 oram,

199 2509 379 2591 Proxima
393 2536 488 2619 quae
508 2507 621 2588 nostri
636 2505 869 2618 perfunditur
880 2511 1047 2620 aequoris
1060 2508 1177 2611 aestu,
1205 2592 1218 2617 ,

197 2648 358 2760 Effuge:
389 2653 523 2740 cuncta
542 2647 650 2730 malis
667 2645 880 2731 habitantur
899 2653 1049 2735 moenia
1066 2653 1204 2741 Graiis.

201 2792 282 2870 Hic
301 2809 339 2871 et
351 2790 508 2899 Narycii
526 2790 726 2899 posuerunt
743 2792 891 2871 moenia
903 2793 1029 2893 Locri,

202 2933 254 3011 Et
275 2933 478 3012 Salentinos
496 2932 638 3011 obsedit
654 2932 774 3012 milite
793 2960 948 3042 campos
1179 2965 1269 3046 400

202 3072 358 3180 Lyctius
377 3073 625 3154 Idomeneus:
653 3069 717 3152 hic
731 3070 794 3153 illa
812 3073 918 3155 ducis
929 3074 1118 3157 Meliboei

201 3215 319 3295 Parva
334 3212 561 3295 Philoctetae
576 3213 731 3294 subnixa
750 3214 881 3296 Petilia
902 3243 1025 3297 muro·

200 3355 320 3461 Qiu
349 3356 415 3434 ubi
429 3346 650 3435 unrsmiffae
664 3355 828 3436 steterint
844 3373 942 3437 trans
956 3384 1117 3467 aequora
1131 3357 1272 3463 claffo,

201 3498 253 3578 Et
271 3497 394 3608 politis
412 3498 482 3578 aris
495 3497 578 3605 jam
594 3515 679 3579 vota
699 3497 739 3578 in
752 3497 859 3580 litore
873 3498 1003 3600 solves,

202 3638 393 3747 Purpureo
404 3637 523 3718 velare
538 3666 666 3720 comas
679 3638 876 3749 adopertus
890 3640 1032 3720 arnon
1044 3680 1056 3737 3
1181 3669 1240 3748 40
1245 3668 1270 3753 ς

202 3777 268 3857 Ne
285 3804 360 3885 qua
378 3779 472 3859 inter
486 3777 627 3861 taneos
641 3776 746 3887 ignes
764 3778 804 3858 in
821 3775 965 3860 honore
981 3769 1152 3858 deorurn

202 3913 362 3996 Hostilis
374 3915 487 3998 facies
504 3938 684 4016 occurrat,
717 3936 754 3998 et
772 3916 903 3998 omina
922 3917 1057 4003 turbet.

203 4057 322 4140 Hunc
335 4055 423 4138 socii
434 4083 583 4142 morem
595 4061 798 4161 sacrorum,
826 4055 932 4141 hunc
951 4058 1028 4171 ipse
1042 4075 1193 4145 tenetoz

202 4193 292 4295 Hac
306 4195 395 4282 casti
408 4199 637 4307 maucantin
649 4201 843 4312 relligione
862 4215 1041 4313 nepotes.

782 4341 882 4452 04
1187 4335 1273 4443 Ast,
