2940 5190
272 387 273 391 '
306 387 429 510 4196
506 350 1189 483 P.V1'ndrrrernon1s

323 586 378 679 Et
401 584 580 694 geminas,
600 587 748 669 causam
761 587 947 706 lacrymis,
961 585 1160 711 sacraverat
1172 615 1262 672 arat.
1292 573 1402 704 γ305

174 818 177 826 ,
322 724 381 806 Ut
410 753 474 806 me
495 725 687 835 conspexit
705 726 929 823 venientem,
948 742 985 804 et
998 725 1126 807 Troia
1146 727 1294 809 circum

321 865 446 946 Arma
465 891 595 946 amens
614 868 735 965 .vidit;
767 839 913 977 magnis
931 866 1102 946 exterrita
1129 869 1318 970 morrstris,

322 999 491 1121 Dirigoit
502 1003 581 1118 risu
595 1004 636 1084 in
653 1005 805 1086 medio:
836 1001 937 1083 calor
950 1000 1025 1083 olla
1041 1001 1209 1113 reliquit:
1231 1069 1234 1075 -

320 1139 490 1242 Labitur,
508 1160 547 1224 et
560 1117 675 1253 longo
690 1145 755 1225 vix
771 1143 925 1224 tandem
941 1160 1109 1251 tempore
1126 1143 1245 1230 fatur:

321 1280 470 1366 Verane
488 1299 525 1362 tc
541 1281 665 1377 facies,
685 1306 793 1362 verus
816 1280 914 1362 mihi
931 1280 1089 1362 nuncius
1105 1279 1229 1382 affers,
1315 1311 1401 1396 3¹0

202 1492 209 1503 ,
311 1421 426 1503 'Nate
442 1419 537 1501 dea?
567 1420 733 1501 vivisne?
766 1438 842 1518 aut,
862 1420 890 1500 st
909 1420 975 1500 lux
992 1418 1093 1500 alma
1106 1421 1259 1518 receffit,

319 1557 632 1642 Hectorubiest?
651 1561 759 1659 dixit,
769 1561 1024 1670 lacrymasque
1033 1560 1178 1662 effudit,
1188 1582 1224 1644 et
1236 1591 1400 1647 omnem

319 1696 499 1808 hplevit
515 1696 680 1778 clamore
699 1696 840 1779 locum.
873 1700 936 1778 vix
956 1727 1075 1806 pauca
1091 1700 1229 1782 fiarenti

318 1835 497 1943 subjicio,
516 1854 554 1916 et
571 1836 659 1915 raris
678 1836 846 1915 turbatus
867 1835 1021 1914 vocibus
1039 1835 1170 1919 hisco:

318 1950 421 2057 Vivo
438 1970 630 2085 equidem,
644 1975 839 2085 vitamque
856 1991 1024 2056 extrema
1041 2005 1108 2086 per
1121 1981 1250 2062 omnia
1263 1981 1377 2070 duco.

308 2117 386 2199 ²Ne
405 2115 547 2214 dubita,
568 2143 659 2198 nam
675 2143 761 2196 vera
776 2116 890 2198 vides.
1304 2127 1392 2234 3¹⁶

318 2257 414 2340 Heu
425 2262 448 2343 l
466 2259 551 2370 quis
567 2275 604 2338 te
621 2257 722 2339 casus
739 2258 923 2366 dejectam
937 2258 1095 2367 conjuge
1111 2276 1214 2341 tanto

317 2399 496 2510 Excipit?
518 2416 583 2478 aut
600 2427 697 2508 quae
715 2399 828 2508 digna
845 2398 927 2479 satis
943 2383 1092 2480 fortuna
1106 2400 1252 2516 revisit?

314 2535 496 2620 'Hedioris
508 2538 790 2636 Andromache,
805 2536 982 2648 Pyrrhin’
1001 2540 1188 2620 connubia
1209 2538 1348 2623 servas?

316 2678 648 2787 Dejecit·vultum,
667 2695 706 2759 et
721 2676 878 2758 demiffa
892 2705 985 2760 voce
1005 2677 1128 2759 locuta
1145 2677 1223 2760 est:
1304 2709 1393 2791 320

315 2821 357 2902 0
372 2819 466 2902 felix
482 2846 557 2901 una
583 2838 668 2901 ante
685 2797 778 2901 alias*
795 2820 982 2900 Priameia
999 2819 1116 2928 virgo,

315 2960 509 3043 Hostilem
524 2963 572 3041 ad
591 2962 786 3043 tumulum
798 2961 936 3069 Trojae
952 2960 1021 3041 sub
1039 2963 1235 3042 moenibus
1252 2963 1333 3042 altis

315 3101 418 3208 Juffa
437 3077 549 3196 mori,
568 3129 665 3210 quac
682 3101 826 3182 sortitus
848 3127 925 3180 non
943 3099 1096 3207 pertulit
1113 3099 1222 3196 ullos,

314 3241 403 3323 Nec
419 3239 663 3322 victorisheri
683 3240 803 3350 tetigit
823 3241 968 3349 captiva
984 3239 1125 3322 cubile!

314 3381 413 3476 Nos,
430 3379 546 3489 patria
560 3379 718 3476 incensa,
733 3379 872 3458 diversa
890 3407 956 3488 per
970 3405 1131 3487 aequora
1146 3381 1283 3472 vectae,
1301 3405 1390 3493 325

313 3519 444 3631 Stirpis
457 3514 651 3599 Achilleae
669 3515 784 3597 fastus
794 3519 1048 3626 juvenemque
1066 3517 1266 3625 superbum

195 3658 197 3663 ’
316 3663 472 3777 Servitio
491 3660 621 3743 enixae
640 3658 818 3770 tulimus:
846 3658 926 3768 qui,
940 3656 1074 3737 deinde
1093 3657 1238 3739 secutus

313 3805 505 3888 Ledaeam
538 3802 788 3904 Hermionen,
821 3798 1210 3906 Lacedaemoniosque
1233 3799 1390 3910 Hyme-

402 3971 404 3977 ⁴
500 3969 623 4041 naeos,
795 3995 799 4002 ·

314 4084 387 4166 Me
420 4081 579 4177 famulo,
608 4078 867 4198 famulamque
899 4075 1052 4165 Heleno
1087 4077 1289 4162 transmistt
1317 4075 1390 4159 ha·

497 4217 674 4307 berdan

779 4394 787 4408 ·
1312 4355 1390 4440 Ast
