2940 5190
311 403 667 495 BuconrcA.
705 399 841 491 Ecn.
878 399 959 494 IX.
1111 435 1168 528 31

112 609 327 718 Spargeret?
357 619 421 683 aut
440 602 549 683 viridi
565 599 685 681 fontes
710 600 900 682 induceret
922 604 1083 690 umbra?
1119 639 1174 695 20

111 746 185 827 Vel
209 771 306 854 quae
332 743 472 853 sublegi
487 745 618 823 tacitus
631 742 698 821 tibi
711 743 875 822 carmina
892 771 1023 853 nuper,

112 888 214 966 Cum
227 904 264 963 te
276 883 323 963 ad
334 881 481 962 delicias
494 881 606 962 serres
622 878 856 988 Amaryllida
873 882 1038 968 nostras?

77 1068 84 1076 ·
113 1026 256 1133 Tityre,
276 1024 371 1103 dum
383 1021 509 1123 redeo,
528 1020 648 1101 brevis
666 1020 720 1099 est
736 1020 808 1118 via,
831 1023 936 1128 pasce
947 1027 1130 1134 capellas:

109 1164 161 1242 Et
173 1179 309 1272 potum
322 1159 439 1270 pastas
455 1187 536 1268 age,
552 1160 707 1266 Tityre:
739 1176 777 1238 et
788 1159 883 1240 inter
897 1164 1085 1270 agendum

88 1321 98 1417 .'
111 1302 315 1383 Occursare
328 1328 455 1410 capro,
475 1327 593 1380 cornu
604 1297 690 1379 ferit
701 1297 777 1396 ille,
792 1318 933 1382 caveto.
1121 1333 1175 1418 ²5

108 1444 232 1527 Mon.
264 1444 394 1522 Immo
412 1441 517 1541 haec,
544 1467 640 1549 quae
660 1439 774 1537 Varo,
806 1442 973 1521 necdum
1001 1443 1176 1553 perfecta,

295 1578 461 1663 canebat.

107 1720 219 1816 Vare,
240 1736 352 1800 tuum
366 1748 506 1801 nomen
533 1718 697 1829 (superet
719 1717 836 1800 modo
857 1721 1016 1803 Mantua
1033 1725 1154 1824 nobis,

45 1837 55 1861 ⁰
108 1864 282 1965 Mantua,
296 1890 364 1943 vae
380 1863 532 1943 miserae
545 1862 710 1942 nimium
724 1863 843 1944 vicina
857 1864 1065 1947 Cremonae
1079 1864 1114 1972 l)

106 2005 304 2084 Cantantes
317 2002 476 2083 sublime
491 2001 611 2082 ferent
628 2003 675 2081 ad
691 2002 806 2081 fidera
819 2006 940 2112 cycni.
963 2032 966 2037 ·

107 2142 220 2226 Luc.
248 2142 308 2221 Sic
321 2156 386 2220 tua
399 2142 563 2248 Cyrneas
581 2137 728 2247 fugiant
745 2140 916 2219 examina
935 2160 1038 2223 taxos
1049 2182 1061 2239 ;
1121 2171 1177 2252 30

109 2282 170 2361 Sic
188 2280 305 2388 cytiso
320 2280 442 2388 pastae
455 2278 654 2358 distentent
668 2276 781 2356 ubera
794 2305 948 2357 vaccae:

98 2420 252 2528 Incipe,
271 2418 299 2497 fi
318 2416 412 2526 quid
428 2414 566 2497 habes:
598 2434 636 2496 et
652 2442 716 2495 me
734 2413 855 2497 fecere
868 2425 1018 2525 poetam

109 2558 291 2640 Pierides:
322 2554 458 2636 suntet
475 2552 573 2635 mihi
587 2555 773 2636 carmina:
804 2583 868 2635 me
882 2584 1035 2666 quoque
1049 2556 1180 2639 dicunt

107 2701 246 2781 Vatem
263 2697 448 2809 pastores:
467 2695 539 2778 'sed
557 2724 635 2777 non
653 2723 724 2804 ego
737 2695 907 2776 credulus
919 2697 1002 2781 illis.

107 2841 216 2921 Nam
230 2865 352 2945 neque
359 2833 483 2917 adhuc
491 2836 593 2915 Varo
607 2826 830 2936 videor,'nec
844 2836 966 2916 dicere
978 2839 1100 2917 Cinna
1121 2867 1142 2948 3
1152 2868 1176 2948 ς

109 2978 250 3086 Digna,
268 2975 331 3056 sod
347 2992 496 3084 argutos
509 2974 602 3054 inter
614 2975 771 3084 strepere
783 2974 883 3053 anser
897 2973 1029 3058 olores,

110 3118 233 3201 Mon.
266 3117 313 3197 Id
329 3116 487 3226 quidem
500 3145 593 3225 ago;
624 3133 662 3196 et
683 3115 826 3213 tacitus,
849 3116 1005 3223 Lycida,
1023 3143 1179 3200 mecum

294 3256 370 3365 ipse
387 3256 529 3353 volut0,

109 3398 147 3477 Si
163 3397 309 3478 valeam
321 3393 555 3476 meminisse:
587 3421 709 3503 neque
723 3395 777 3476 est
795 3394 958 3504 ignobile
976 3423 1139 3478 carmen.

109 3538 202 3618 Huc
218 3537 317 3633 ades,
334 3564 359 3613 o
375 3534 547 3614 Galatea:
578 3533 662 3640 quis
680 3534 733 3613 est
748 3563 837 3613 nam
851 3534 960 3615 ludus
973 3534 1012 3613 in
1026 3535 1161 3615 undis?

109 3675 187 3754 Hic
200 3701 262 3754 ver
275 3701 530 3783 purpureum:
562 3673 679 3750 varios
700 3671 762 3751 hic
776 3671 933 3750 flumina
949 3673 1093 3751 circum
1120 3700 1178 3779 40

106 3812 251 3893 Fundit
271 3811 411 3891 humus
427 3811 557 3891 flores:
590 3809 825 3896 hiccandida
839 3810 999 3920 populus
1013 3828 1120 3890 antro

108 3950 302 4045 imminet,
321 3966 358 4027 et
378 3948 496 4030 lentae
515 3966 645 4029 texunt
665 3948 881 4029 umbracula
898 3949 1000 4028 vites.

109 4092 202 4171 Huc
217 4091 321 4187 ades;
353 4091 467 4170 insani
485 4090 618 4171 feriant
636 4090 709 4171 fine
725 4090 848 4170 littora
866 4088 1012 4170 fluctus.

107 4229 453 4338 LYchdquac
470 4247 506 4312 te
523 4259 615 4342 pura
634 4229 755 4309 solum
773 4230 841 4311 sub
851 4234 960 4312 nocte
969 4246 1163 4309 canentem

115 4376 121 4389 ’
948 4368 1181 4449 Audieram?
