2940 5190
391 406 915 502 Arrrrruos.L1t.
953 410 992 502 1.
1124 441 1212 532 131

116 640 121 649 ¹
144 605 311 715 Corpora
341 606 474 689 fundat
500 608 623 707 humi,
654 628 692 691 et
712 626 914 691 numerum
938 637 1029 691 cum
1056 612 1211 695 navibus

205 763 346 852 aequet.

144 881 249 964 Hinc
264 902 418 994 portum
433 887 538 995 petit,
569 905 607 965 et
621 886 736 968 socios
756 886 909 996 partitur
928 886 967 966 in
985 914 1128 974 omnes.

144 1018 255 1119 Vina,
286 1014 407 1104 bonus
421 1052 516 1131 quae
534 1023 668 1105 deinde
686 1024 786 1105 cadis
803 1040 970 1105 onerarat
983 1025 1137 1107 Acesten

142 1158 269 1240 Litore
283 1152 493 1260 Trinacrio,¹
505 1161 729 1271 dederatque
746 1161 968 1243 abeuntibus
983 1161 1105 1260 heroe,
1120 1184 1206 1249 auo

142 1297 300 1397 Dividit,
332 1318 370 1380 et
385 1301 493 1381 diuis
510 1302 713 1381 moerentia
730 1304 879 1410 pedore
896 1301 1037 1399 mulcet
1045 1334 1062 1385 :-

141 1438 179 1515 Ο
200 1437 301 1535 socii,
336 1442 477 1548 (neque
494 1440 597 1520 enim
616 1441 733 1549 ignari
750 1440 878 1521 sumus
893 1458 978 1522 ante
997 1437 1206 1549 nemum)

141 1577 179 1654 Ο
197 1577 286 1684 passi
300 1579 490 1687 graviora;
522 1579 625 1659 dabit
637 1556 730 1661 deuo
746 1578 805 1660 his
819 1609 970 1690 quoque
989 1582 1119 1668 finem.

140 1712 220 1795 Voe
236 1736 273 1796 et
291 1717 497 1826 Scyllaeam
514 1718 669 1817 rabiem,
701 1718 919 1828 penitusque·
934 1720 1104 1804 sonanter

137 1857 304 1938 Accestis
317 1856 512 1970 scopulos3
543 1886 611 1941 roa
624 1878 662 1939 et
674 1859 862 1970 Cyclopea
874 1857 960 1942 saxa
1014 1883 1019 1891 '
1113 1885 1199 1972 aug

137 1997 303 2108 Experti.
336 2018 503 2081 revocate
519 1999 680 2100 animos,
709 2000 970 2109 moestumque
985 2003 1163 2084 timorem
1234 2072 1238 2077 .

137 2133 293 2219 Mittite.
323 2136 445 2218 forsan
461 2154 500 2218 et
517 2136 614 2219 beec'
632 2137 728 2217 olim
744 2138 952 2221 meminisse
963 2142 1119 2247 juvabit.

136 2275 209 2356 Per
225 2277 343 2356 varios
359 2277 472 2373 casus,
504 2304 569 2385 per
587 2295 643 2356 tot
659 2275 868 2355 discrimina
884 2305 1025 2375 rerum,

136 2414 350 2494 Tendimus
366 2416 408 2495 in
418 2414 593 2511 Latium
624 2413 724 2493 sedes
743 2412 808 2492 ubi
823 2414 899 2494 sata
914 2415 1058 2523 quietae

135 2555 359 2636 Ostendunt.
390 2553 467 2635 illic
485 2554 540 2637 sat
557 2583 669 2662 regna
690 2552 874 2663 resurgere
887 2557 1039 2666 Trojae.
1119 2576 1197 2643 πο

136 2696 294 2789 Durate,
321 2712 358 2774 et
376 2694 518 2777 vosmet
533 2694 642 2774 rebus
658 2694 796 2774 servate
809 2694 988 2781 secundis.
1177 2776 1180 2781 .

51 2832 54 2838 ’
134 2833 245 2913 Talia
263 2860 355 2914 voce
376 2834 510 2915 refert:
543 2833 713 2940 curisque
731 2834 941 2940 ingentibus
960 2852 1081 2943 aeger,

133 2973 250 3081 Spem
261 2973 371 3053 'vultu
385 2973 544 3070 simulat,
566 2973 702 3081 premit
718 2969 839 3051 altum
857 2973 970 3053 eorde
984 2971 1166 3054 dolorem.

132 3110 195 3191 Illi
214 3111 251 3192 se
269 3112 424 3222 praedae
443 3112 641 3219 accingunt
657 3109 885 3220 dapibusque
898 3109 1055 3193 suturis:

132 3249 300 3358 Tergora
317 3250 504 3358 deripiunt
520 3249 644 3344 costis,
670 3266 707 3328 et
725 3247 859 3326 viscera
874 3248 1027 3332 nudant.
1110 3272 1193 3357 215

131 3389 218 3470 Pars
229 3390 272 3468 in
283 3389 397 3470 frusta
414 3393 550 3488 secant,
575 3387 792 3495 veribusque
807 3389 1002 3468 trementia
1016 3387 1165 3496 figunt'

130 3530 257 3611 Litore
274 3529 392 3612 ahena
409 3529 532 3611 locant
545 3529 618 3625 atii,
652 3527 895 3636 summusque
915 3526 1134 3608 ministrant.

129 3670 238 3749 Tum
255 3670 356 3748 vitiu
369 3688 540 3749 revocant
555 3669 647 3747 vires
661 3699 671 3749 ε
710 3667 855 3774 fusique
873 3686 941 3774 per
956 3662 1115 3745 herbam

128 3806 340 3913 implentur
356 3809 487 3889 veteris
506 3804 659 3900 Bacchi,
690 3804 910 3912 pinguisque
923 3802 1073 3882 ferinae.

189 3944 398 4053 Postquam·
431 3967 605 4056 exempta
639 3947 760 4027 semea
793 3942 924 4052 epulis,
972 3941 1195 4052 mensaeque

247 4103 425 4183 remotae,
1109 4109 1194 4165 aao

126 4222 294 4309 Amisos
308 4223 423 4335 longo
438 4225 555 4311 socios
571 4228 738 4309 sermone
752 4226 955 4336 requirunt,

611 4366 651 4448 K
679 4394 702 4449 2
1006 4362 1196 4470 Spemque
