2940 5190
349 375 674 466 Aruernos.
716 369 945 469 Lualli,
1086 408 1180 506 195

89 570 400 683 ,Lustramurque
417 573 516 680 Jovi,
535 573 701 683 votisque
719 573 954 660 incendimus
970 607 1071 679 aras;

104 715 291 824 Actiaque
305 714 426 795 Iliacis
444 712 675 795 celebramus
694 712 802 794 litora
823 714 933 801 ludis.
1083 722 1169 808 280

104 853 292 964 Exacent
312 856 447 964 patrias
464 854 548 935 oleo
566 852 712 935 labente
732 852 925 963 palaestras

103 993 249 1075 Nudati
270 993 371 1075 socii.
391 995 497 1100 juvat
509 990 653 1074 evafiffe
671 1010 726 1073 tot
745 995 856 1074 urbes

102 1132 310 1240 Argolicas,
329 1131 546 1241 mediosque
565 1130 699 1240 sugam
711 1132 863 1214 tenuisse
880 1161 947 1242 per
961 1131 1098 1221 hostes.

102 1273 249 1355 Interea
258 1301 443 1383 magnum
463 1273 516 1352 sol
530 1272 835 1353 circumvolvitur
846 1302 1006 1375 amum,

101 1409 155 1492 Et
166 1411 329 1520 glacialis
341 1410 476 1522 hyems
493 1411 730 1522 aquilonibus
749 1413 889 1524 asperat
903 1416 1033 1499 undas.
1085 1415 1140 1503 28
1146 1441 1172 1530 ς

100 1551 202 1631 Aere
215 1579 307 1632 cavo
325 1550 516 1661 clypeum,
533 1554 663 1659 magni
679 1551 869 1661 gestamen
893 1553 1065 1656 Abantis,
1143 1596 1146 1601 ·

101 1683 274 1772 Postibus
292 1691 448 1773 adverfis
464 1690 556 1800 figo,
569 1710 609 1771 et
628 1720 711 1773 rem
728 1695 894 1775 carmine
909 1694 1042 1805 signos

100 1833 243 1912 Aeneas
274 1830 362 1914 haec
379 1809 423 1912 de
439 1830 594 1915 Danais
618 1828 819 1913 viaoribus
835 1861 954 1915 arma.

99 1970 290 2082 Linquere
306 1991 390 2054 tum
410 1992 537 2082 portus
553 1973 686 2082 jubeo,
715 1991 752 2054 et
769 1976 958 2058 confidere
977 1976 1152 2066 transtris

15 2096 18 2101 ¹
94 2109 282 2192 Certatim
298 2112 387 2192 socii
405 2111 543 2193 feriunt
555 2139 671 2210 mate,
690 2129 731 2193 et
739 2139 900 2222 aequora
909 2138 1071 2202 verrunt.
1083 2148 1169 2230 290

97 2249 272 2330 Protinus
289 2250 402 2343 aerias
418 2248 633 2330 Phaeacum
649 2249 909 2332 abscondimus
922 2280 1044 2353 arces,-

97 2390 302 2498 Litoraque
318 2389 426 2497 Epiri
443 2387 616 2498 legimus,
632 2407 816 2500 portuque
838 2390 1007 2476 subimus

97 2526 284 2626 Chaonio,
298 2547 337 2609 et
350 2528 487 2609 celsam
504 2527 678 2610 Buthroti
695 2528 928 2612 ascendimus
942 2532 1091 2620 urbem.

13 2712 18 2721 ·
92 2669 176 2751 Hic
194 2669 417 2752 incredibilis
436 2700 562 2754 rerum
579 2669 681 2752 sama
704 2689 862 2782 occupat
877 2702 1002 2758 aures:

95 2812 312 2892 Priamiden
330 2811 529 2893 Helenum
548 2813 678 2893 Graias
693 2838 844 2920 regnare
858 2842 925 2923 per
942 2815 1063 2913 rubes,
1082 2841 1168 2925 295

95 2949 285 3058 Conjugio
303 2952 488 3032 Aeacidae
508 2949 641 3059 Pyrrhi
661 2951 880 3061 sceptrisque
893 2953 1082 3062 potitum3

92 3091 146 3171 Et
162 3093 281 3202 patrio
295 3092 591 3174 Andromachen
608 3093 745 3173 iterum
762 3092 898 3174 ceffisse
927 3093 1078 3178 marito.

95 3228 310 3340 Obstupui3
342 3230 515 3339 miroque
533 3230 727 3311 incensum
745 3234 875 3340 pePtus
892 3260 1021 3316 amore

92 3367 332 3479 Compellare
354 3368 492 3467 virum,
507 3386 544 3450 et
561 3370 663 3450 casus
680 3370 902 3479 cognoscere
916 3389 1048 3456 tantos.

93 3506 315 3615 Progredior
335 3527 459 3618 portu,
477 3506 602 3590 classes
614 3527 652 3589 et
669 3508 776 3589 litora
793 3508 981 3619 linquens.
1080 3541 1165 3623 300

93 3642 284 3727 Solemaes
298 3666 384 3729 tum
399 3648 495 3729 sorte
507 3649 618 3759 dapes
631 3666 668 3728 et
682 3647 796 3728 tristia
809 3650 908 3731 dona

92 3785 196 3864 Ante
214 3786 361 3883 urbem,
382 3787 422 3867 in
439 3788 541 3891 luco,
567 3787 647 3868 falfi
666 3788 865 3867 Simo'e'ntis
886 3786 934 3865 ad
950 3781 1106 3892 undam,

91 3906 253 4005 Libabat
265 3926 380 4006 cineri
396 3916 674 4026 Andsomache,
690 3925 891 4034 manesque
911 3925 1076 4007 vocabat·

88 4061 326 4181 Hesioreum
352 4064 400 4144 ad
420 4065 638 4169 tumulum3
673 4060 782 4145 viridi
802 4086 919 4175 quem
948 4064 1082 4176 cespite
1107 4064 1168 4149 in·

283 4231 407 4308 anem,

591 4350 685 4429 02
1122 4343 1273 4464 Et¹
