2940 5190
266 430 334 550 84
458 425 811 524 P.·V1norntr
846 423 1127 522 Manouts

262 632 569 732 Romanum-est,
584 633 730 714 oestron
748 632 856 714 Graii
870 648 1008 713 vertere
1021 646 1213 714 vocantes:

123 792 127 803 ’
265 767 407 878 Aspen·
418 770 552 852 acerba
564 769 717 853 sonans:
747 796 827 878 quo
843 780 923 849 tota
940 769 1112 851 exterrita
1133 764 1243 875 sylvis

265 903 488 1016 Diffugiunt
505 924 702 1004 armenta3
733 904 826 987 furit
842 905 1049 1014 mugitibus
1061 902 1188 985 aether
1253 929 1269 985 t
1280 927 1337 1013 50

266 1044 487 1144 connubia,
506 1045 715 1156 sylvaeque,
733 1062 775 1126 et
789 1045 875 1125 licei
892 1044 1167 1154 ripa'l'anagri.
1296 1102 1314 1145 ,-

160 1290 165 1307 .
266 1183 361 1267 Hoc
377 1185 577 1294 qnondam
595 1182 764 1265 monstro
788 1181 981 1264 horribiles
998 1181 1165 1265 exercuit
1181 1180 1251 1262 iras

269 1321 445 1406 Inachiae
455 1324 561 1428 Juno
575 1321 718 1432 pestem
735 1322 912 1403 meditata
919 1322 1111 1429 juvencae.

272 1466 394 1547 Hunc
411 1491 578 1573 quoque,
598 1491 689 1544 narn
708 1463 843 1544 mediis
863 1462 1203 1548 fervoribusaorior
1220 1460 1340 1554 instat.

273 1600 592 1709 Aroebisgravido
605 1600 744 1711 pecori>
761 1619 1002 1709 armentaque
1019 1603 1141 1711 pasces
1258 1607 1339 1711 1'55

247 1836 252 1841 .
274 1739 364 1820 Sole
380 1767 508 1856 roeens
526 1757 633 1838 orto,.
649 1758 713 1820 aut
730 1744 883 1819 noctem
898 1740 1119 1821 ducentibus
1135 1740 1249 1822 astris.

171 1899 177 1909 ·
277 1877 368 1960 Post
380 1895 530 1988 parturn
544 1905 636 1959 cura
652 1879 693 1959 in
706 1877 839 1958 vitulos
859 1877 1061 1958 traducitur
1080 1878 1223 1960 omnis:

276 2018 546 2127 Continuoque
565 2033 722 2099 notaset
733 2017 887 2096 nomina
904 2016 1022 2123 gentis
1041 2016 1217 2098 inurunt:

278 2157 438 2267 thuos
454 2172 519 2238 aut
530 2156 655 2265 pecori
668 2156 801 2253 malint
814 2154 1230 2255 submittere'habendo,

282 2298 366 2378 Aut
380 2297 452 2378 aris
469 2296 607 2377 servare
623 2295 753 2394 sacros,
766 2312 832 2376 aut
847 2294 1011 2376 scindere
1025 2312 1174 2396 terram,
1265 2299 1348 2379 160

280 2436 338 2516 Et·
349 2461 533 2544 campum
545 2431 760 2516 horrentem
780 2432 904 2514 frasiis
921 2435 1099 2517 invertere
1114 2435 1243 2544 glebis.

280 2573 438 2668 Caetera
451 2571 648 2681 pascuntur
664 2573 796 2652 virides
812 2591 979 2653 armenta
990 2602 1055 2684 per
1071 2572 1215 2654 herbas.

203 2688 208 2694 ¹
282 2707 353 2789 Tu
370 2736 466 2819 quos
476 2707 701 2790 adstudium
712 2728 823 2819 atque
834 2710 944 2793 usum
961 2710 1139 2791 formabis
1157 2710 1349 2819 agrestem,

281 2848 374 2957 Jam
393 2848 530 2930 vitulos
547 2847 706 2950 hortare,
727 2852 902 2958 viamque
918 2848 1037 2930 insiste
1055 2848 1246 2947 domandi,

245 3016 248 3025 ¹
283 2987 396 3105 Dum
412 2987 538 3069 faciles
548 2990 665 3068 animi
677 2992 876 3096 juvenum,
888 2988 983 3069 dum
997 2987 1146 3068 mobilis
1159 2995 1351 3102 astas.165

286 3127 348 3206 Ac
368 3126 536 3235 primum
555 3127 657 3208 laxos
675 3128 777 3208 tenui
791 3128 839 3209 de
858 3129 997 3209 vimine
1010 3128 1142 3210 circlos

156 3292 159 3299 ·
287 3265 436 3357 Cervici
454 3266 651 3350 subnecte:
683 3267 848 3369 dehinc„
860 3269 928 3350 ubi
947 3268 1062 3350 libera
1078 3269 1175 3350 colla

283 3404 445 3501 ¹Servitio
461 3403 644 3503 affuerint,
658 3409 742 3516 ipfis
759 3408 985 3517 etorquibus
1012 3426 1117 3519 aptos

263 3594 266 3603 ·
292 3543 420 3652 Junge
433 3571 551 3653 pares,
571 3562 610 3625 et
627 3574 720 3655 coge
735 3549 893 3656 gradum
913 3546 1093 3646 conferre,
1110 3550 1299 3658 juvencos.

290 3685 420 3791 Atque
438 3682 509 3764 illis
524 3684 606 3792 jam
630 3685 733 3796 saepe
753 3704 853 3769 rotae
870 3688 1051 3770 ducantur
1068 3690 1194 3770 inanes
1275 3716 1357 3802 170

290 3820 363 3923 Per
382 3841 529 3920 terram,
548 3845 586 3907 et
603 3826 753 3909 summo
774 3827 924 3937 vestigia
944 3829 1095 3938 pulvere
1121 3831 1277 3938 signent.

290 3958 380 4040 Post
398 3961 521 4040 valido
536 3964 655 4045 nitens
670 3965 736 4047 sub
757 3968 921 4076 pondere
939 3967 1086 4078 faginus
1100 3971 1178 4049 axis

292 4098 485 4209 instrepat,
505 4119 542 4182 et
555 4104 704 4211 junslos
722 4124 825 4188 tento
839 4108 959 4190 trahat
982 4140 1106 4192 aereus
1124 4111 1251 4209 orbes.⁸

295 4238 440 4322 Interea
458 4242 551 4354 pubi
568 4243 772 4328 indomitae
792 4274 869 4331 non
884 4251 1055 4361 gramina
1073 4268 1232 4350 tantum,
1325 4297 1331 4310 ·

1279 4389 1369 4474 Nec
