2940 5190
188 332 294 433 218
406 327 457 421 Pa
498 322 766 420 Vrrnrnrr
802 308 1080 421 Meron-ia

184 530 336 619 Fronde
347 528 483 640 premit
494 526 638 607 crinem
655 523 811 634 firrgene,
824 543 937 636 atque
953 526 1123 638 implicat
1136 556 1235 615 amu
1245 508 1275 619 εἶ

184 672 284 756 Tela
294 670 423 753 sonant
441 667 620 749 humeris.
652 666 754 747 haud
772 665 839 747 illo
856 665 1001 775 segnior
1018 669 1097 752 ibat

184 815 354 898 Aenus:
385 828 533 894 tantum
554 809 705 918 egregio
725 808 840 890 decus
857 809 971 891 enitet
989 837 1066 896 ore.
1167 840 1260 926 150

185 955 392 1068 Postquam
431 954 524 1035 altor
559 969 715 1031 ventum
751 951 791 1032 in
825 970 985 1050 montes,
1012 971 1124 1065 atque
1157 954 1263 1038 inv‘n

371 1093 505 1176 lustra:

185 1237 289 1322 Ecce
304 1234 404 1319 ferae
420 1234 497 1315 saxi
517 1232 679 1340 dejectae
695 1232 831 1313 vertice
848 1258 978 1341 caprae

141 1446 145 1453 .
185 1375 394 1459 Decrurere
407 1376 532 1485 jugis:
563 1371 635 1452 alia
656 1372 818 1483 departe
836 1389 1001 1483 putentes

186 1515 462 1599 Transinittunt
475 1513 583 1596 cursu
596 1539 762 1623 campos,
782 1529 894 1622 atque
919 1512 1070 1622 agmina
1091 1511 1196 1599 cervi
1267 1550 1273 1559 ·

184 1653 447 1738 Pulvernlenta
490 1654 580 1762 fuga
622 1652 843 1760 glomerant,
879 1652 1100 1764 montesque
1139 1653 1259 1737 telin.

371 1807 504 1899 quunt.
1170 1820 1189 1876 1
1199 1821 1268 1905 55-

189 1928 245 2011 At
260 1952 353 2035 puer
366 1927 545 2007 Ascanius
563 1925 697 2006 mediis
714 1925 754 2007 in
768 1922 923 2007 vallibus
940 1927 1016 2008 acri
1114 1989 1117 1993 .

188 2067 342 2151 Gaudet
356 2094 485 2176 equo:
528 2067 686 2176 jamque
719 2063 789 2149 hos
819 2066 939 2166 cursu,
972 2068 1055 2177 jam
1084 2039 1259 2179 praeterit

372 2205 467 2305 illos,

190 2350 511 2458 Spumantemque
527 2345 608 2425 dari
628 2372 761 2454 pecora
779 2344 873 2425 inter
890 2345 1018 2427 inertia
1039 2346 1135 2427 votis

188 2487 307 2596 Optat
320 2512 469 2596 aprum,
479 2503 542 2567 ant
555 2484 703 2569 fulvum
719 2483 936 2566 descendere
953 2484 1254 2631 monteleonem.

188 2622 335 2703 Interea
350 2650 489 2732 magno
505 2623 650 2703 misceri
662 2649 860 2704 murmure
874 2622 1024 2704 coelum
1172 2628 1256 2708 160

189 2760 340 2873 incipit.
369 2759 574 2869 insequitur
595 2760 795 2842 commista
812 2760 989 2870 grandine
1006 2758 1174 2847 nimbus.

177 2901 243 2983 Et
259 2902 368 3012 Tyrii
379 2901 685 3012 comiterpaffim,
702 2920 741 2981 et
750 2902 914 3008 Trojana
922 2901 1107 3008 juventus,

189 3041 472 3152 Dardaniusque
487 3069 601 3151 nepos
619 3041 789 3139 Veneris,
802 3040 941 3119 diversa
952 3068 1019 3150 per
1031 3067 1138 3149 agros

191 3180 312 3263 ‘reeta
330 3198 435 3260 metu
454 3181 602 3290 petiere.
632 3196 744 3260 ruunt
761 3180 810 3260 de
826 3179 1018 3260 montibus
1035 3205 1173 3260 amnes.

74 3356 80 3391 ι
192 3318 415 3428 Speluncam
424 3321 528 3400 Dido
545 3321 625 3401 dux
642 3340 679 3400 et
694 3319 1049 3427 Trojnnnseandern
1170 3323 1223 3407 16
1230 3348 1257 3436 ς

191 3458 419 3541 Deveninnt.
446 3458 567 3568 prima
583 3474 621 3538 et
638 3456 747 3537 tellus
763 3477 801 3537 et
817 3461 985 3569 pronuba
1005 3461 1107 3568 Juno
1258 3502 1263 3510 ·

192 3600 297 3681 Dant
310 3599 457 3709 sgnum
473 3629 483 3680 ε
513 3598 645 3680 fulsere
660 3599 762 3707 ignes
776 3619 814 3682 et
826 3602 993 3685 conscius
1003 3598 1129 3682 aether

193 3740 427 3823 connubiis:
454 3739 684 3851 summoque
700 3740 889 3824 ulularunt
905 3738 1040 3824 vertice
1054 3734 1262 3851 nymphae.

192 3879 366 3964 iile-diei
383 3881 526 3992 primus
543 3880 648 3982 lethi,
664 3883 879 3992 primusque
900 3882 1103 3982 malorum,
1329 3873 1335 3885 ’

193 4018 313 4107 Causa
323 4016 415 4105 tuit:
435 4018 959 4143 nequeuiirnspeciefamaue'
972 4023 1156 4120 movent,
1172 4044 1259 4135 170

1159 4232 1259 4368 'Nee
