2940 5190
375 413 709 570 Aruernos.
751 406 877 505 Lrn.
914 406 974 505 ll.
1117 438 1211 541 173

148 620 242 699 Non
260 611 323 694 tali
343 610 495 714 auxilio,
520 638 590 692 nec
613 606 952 693 defensoribusistis

149 758 320 866 Tempus
347 772 457 865 eget:
501 779 591 851 non,
637 750 665 831 fi
703 749 779 860 ipse
813 777 922 832 meua
953 778 1056 835 nunc
1084 753 1223 847 afforet,

224 957 227 963 .
334 895 491 975 Hector.
1202 884 1207 895 ’

149 1037 241 1117 Huc
252 1034 403 1115 tandem
420 1032 610 1114 concede:
640 1028 734 1112 haec
752 1057 814 1111 ara
826 1030 988 1114 tuebitur
999 1058 1152 1119 omnent
1215 1114 1222 1125 ,

151 1179 231 1255 Aut
250 1175 408 1255 moriere
426 1171 548 1254 simul.
570 1170 620 1252 iic
633 1197 697 1252 ore
707 1166 829 1269 effata,
843 1172 981 1281 recepit

150 1313 213 1392 Ad
227 1311 310 1408 sese,
327 1312 473 1391 etsacra
485 1309 709 1417 longaevum
721 1307 851 1388 insede
869 1305 1013 1390 locavit.
1126 1336 1180 1423 52
1188 1336 1213 1421 5

151 1453 251 1532 Ecce
264 1469 401 1546 autem,
420 1448 559 1559 elapsus
579 1446 713 1558 Pyrrhi
725 1448 772 1529 de
784 1447 897 1529 caede
912 1448 1062 1548 Polites,

151 1593 260 1670 Unus
279 1608 451 1672 natorum
465 1589 618 1686 Priami,
633 1616 701 1699 per
716 1587 801 1688 tela,
816 1615 882 1699 per
895 1586 1018 1670 hostes

152 1732 359 1813 Porticibus
380 1729 499 1839 longis
515 1729 625 1840 fugit,
640 1747 678 1811 et
691 1756 805 1810 vacua
821 1731 910 1810 atria
923 1728 1050 1811 lustrat
1213 1822 1216 1829 ,

152 1871 314 1953 Saucius.
342 1869 453 1951 illum
463 1868 593 1950 ardens
605 1867 739 1951 infesto
754 1867 905 1952 vulnere
922 1868 1086 1979 Pyrrhus
1130 1895 1219 1981 529,

153 2010 376 2120 Insequitur,
385 2011 466 2117 jam
477 2010 633 2118 jamque
640 2036 759 2089 manu
772 2026 884 2111 tenet,
903 2025 941 2090 et
953 2011 1090 2119 premit
1099 2009 1217 2097 hasta.

153 2147 209 2227 Ut
225 2150 377 2231 tandem
392 2166 476 2229 ante
488 2146 615 2229 oculos
628 2148 738 2231 evafit
754 2164 792 2228 et
809 2176 874 2229 ora
889 2167 1098 2258 parentum,

153 2287 340 2387 Concidit,
359 2316 403 2370 ac
418 2288 538 2368 multo
552 2289 668 2367 vitam
685 2315 777 2366 cum
793 2285 969 2396 sanguine
988 2286 1100 2372 fudit.
1213 2384 1218 2391 Ι

153 2427 692 2536 HicPriamus,quanquamin
705 2425 831 2506 media
834 2427 916 2534 jam
928 2445 1048 2510 morte
1057 2444 1212 2531 tenetur,

153 2566 247 2682 Non
278 2586 404 2648 tamen
430 2566 615 2663 abstinuit,
634 2593 705 2648 nec
725 2565 821 2663 voci,
847 2565 994 2677 iraeque
1013 2568 1201 2680 pepercit:

156 2710 211 2790 At
229 2709 297 2789 tibi
315 2737 384 2820 pro
397 2707 542 2806 scelere,
569 2707 764 2805 exclamat,
779 2734 848 2817 pro
859 2706 992 2789 talibus
1010 2710 1102 2791 aufis
1132 2738 1184 2821 53
1192 2736 1217 2818 5

157 2849 223 2946 Di,
252 2850 279 2928 fi
308 2876 383 2957 qua
401 2846 455 2927 est
473 2846 580 2928 coelo
591 2848 716 2956 pietas,
737 2872 834 2956 quae
851 2844 938 2928 talia
958 2865 1074 2944 curet,
1103 2860 1106 2869 '

155 2987 366 3068 Persolvant
382 3006 501 3097 grates
521 2988 663 3097 dignas,
677 3004 714 3068 et
723 2987 888 3098 praemia
904 2986 1059 3068 reddant
1189 3062 1192 3071 .

155 3128 317 3212 Debita:
349 3131 416 3241 qui
441 3131 517 3212 nati
542 3122 753 3213 coram'me
769 3155 917 3210 cernere
934 3129 1054 3210 letum

37 3316 41 3325 ·
154 3266 188 3348 F
189 3268 304 3370 ecisti,
322 3286 360 3350 et
374 3269 508 3379 patrios
521 3267 676 3350 foedasti
694 3268 825 3351 funere
838 3266 973 3350 vultus.

156 3411 211 3487 At
225 3438 301 3490 non
316 3409 391 3507 ille,
414 3408 535 3491 satum
551 3438 630 3518 quo
645 3427 683 3490 te
700 3409 879 3508 mentiris,
902 3404 1070 3491 Achillea
1132 3430 1218 3520 540

157 3547 262 3628 Talis
292 3550 332 3628 in
359 3546 465 3630 hoste
481 3548 554 3631 fuit
567 3549 717 3631 Priamo
728 3589 742 3648 3
761 3547 823 3628 sed
844 3547 927 3657 jura
939 3546 1131 3655 fidemque
1177 3662 1180 3667 Ι

157 3688 338 3800 Supplicis
355 3690 514 3789 erubuit,
542 3692 750 3802 corpusque
767 3716 937 3798 exangue
957 3687 1125 3798 sepulcro
1207 3780 1212 3789 ‚

158 3830 338 3911 Reddidit
352 3833 599 3928 Hectoreum,
617 3857 755 3941 meque
778 3831 817 3909 in
833 3856 919 3910 mea
941 3856 1053 3937 regna
1071 3826 1220 3911 remilia

159 3969 219 4048 Sic
237 3968 333 4050 fatus
350 3970 480 4067 senior,
500 3969 693 4079 telumque
711 3966 862 4050 imbelle
886 3968 960 4049 fine
979 3967 1058 4047 ictu

158 4108 353 4218 Conjecit:
385 4136 497 4191 rauco
509 4112 615 4219 quod
626 4110 794 4220 protinus
811 4137 894 4192 aere
911 4109 1115 4220 repulsum,
1136 4135 1192 4223 54
1197 4135 1221 4221 5

158 4253 210 4335 Et
227 4250 378 4334 summo
391 4250 514 4363 clypei
527 4252 781 4362 nequicquam
802 4252 969 4339 umbone
986 4250 1175 4366 pependit.
1204 4308 1215 4371 1

1151 4388 1225 4479 Cui
