2940 5190
311 317 986 417 G.u0uctca:L1r.·IlI.'
1099 331 1166 453 89

102 524 281 623 Pastores,
312 523 456 606 lentum
472 519 622 602 distillat
639 520 688 601 ab
700 520 857 630 inguine
874 523 986 607 virus.
1073 539 1078 547 ’
1170 539 1178 642 ’β

104 666 374 776 Hippomanes,
406 662 510 771 quod
526 660 630 770 saepe
647 661 769 741 malae
784 659 904 770 legere
916 691 1108 763 novercae,
1170 698 1174 723 =

104 803 412 913 Miscueruntque
428 800 588 897 herbas,·
605 817 738 882 etnon
751 801 904 884 innoxia
914 805 1043 890 verba.
1068 864 1073 873 -

105 941 178 1022 Sed
194 941 292 1051 sugit
309 942 458 1037 interea,
489 939 588 1047 sugit
605 938 839 1048 irreparabile
852 959 1020 1052 tempus,
1136 967 1138 970 ·

106 1081 256 1191 Singula
273 1079 485 1188 dum-capti
504 1079 841 1159 circumvectamur
858 1106 1004 1168 amore·
1085 1083 1139 1168 28
1145 1109 1172 1197 5

166 1219 356 1302 Hoc-satis
373 1217 559 1299 armentis.
589 1216 733 1325 superat
749 1219 957 1327 parsaltera
971 1245 1105 1318 curae.
1170 1242 1174 1250 ·

104 1359 307 1468 Lanigeros
327 1358 461 1467 agitare
483 1333 624 1465 greges,
655 1353 841 1465 hirtasque
860 1359 1030 1469 capellas.
1068 1413 1071 1417 «
1210 1416 1214 1425 ·

107 1497 187 1579 Hic
204 1496 334 1592 lab0r;
365 1492 455 1576 hinc
473 1493 624 1575 laudem
640 1490 753 1575 fortes
772 1495 909 1606 sperate
926 1497 1065 1581 coloni.

107 1638 195 1718 Nec
211 1635 294 1718 sum
306 1635 423 1715 animi
435 1633 582 1732 dubius,
608 1635 734 1715 ‚verbis
749 1635 948 1719 eavincere
960 1664 1161 1748 magnum·

108 1774 1174 1890 Qamsrt‚etangustishuncaddererebushonorem.290

109 1915 181 1996 Sed
198 1946 266 1999 me
280 1917 441 1999 Parnaffi
458 1916 597 1998 deserta
612 1946 678 2027 per
697 1918 810 1998 ardua
827 1918 959 2000 dulcis·
1077 1985 1079 1990 .

109 2056 247 2165 Raptat
263 2086 392 2139 amor:
418 2061 523 2165 juvat
539 2059 591 2135 ire
603 2058 715 2162 jugis,
743 2084 817 2162 qua
829 2056 931 2137 nulla
950 2057 1121 2166 priorum

110 2194 310 2276 Castaliam
328 2195 436 2276 molli
450 2195 648 2275 devertitur
665 2193 783 2272 orbita
797 2193 906 2274 clivo.
933 2227 937 2233 ·

110 2336 242 2430 Nunc,
261 2335 465 2414 veneranda
478 2333 595 2429 Pales,
613 2361 751 2440 magno
770 2361 870 2414 nunc
883 2362 946 2414 ore
959 2334 1182 2422 sonandum}
1322 2388 1326 2395 -

112 2475 297 2582 Incipiens
316 2474 467 2556 stabulis
483 2473 591 2555 edico
610 2473 650 2552 in
668 2470 845 2561 mollibus
855 2473 1014 2556 herbam
1090 2502 1177 2593 295

111 2614 272 2722 Carpere
289 2639 387 2709 oves,
415 2611 510 2690 dum
524 2637 616 2692 mox
629 2610 802 2690 frondosa
815 2609 1172 2719 reducituraestaszj
1281 2681 1284 2685 ,

111 2756 164 2835 Et
179 2753 297 2833 multa
314 2753 448 2834 duram
465 2750 597 2861 stipula
610 2751 830 2860 filicumque
847 2755 1020 2864 maniplis

115 2895 280 2973 Sternere
298 2892 419 2971 subter
438 2891 617 2988 humum,
648 2891 782 2999 glacies
799 2918 856 2972 ne·
865 2892 1000 3002 frigida
1016 2893 1138 2974 laedat
1168 2940 1172 2951 ·

15 3094 18 3102 .
113 3031 238 3116 Molle
254 3056 379 3139 pecus,
398 3029 632 3138 scabiemque
652 3027 758 3130 ferat,
777 3030 975 3140 turpesque
989 3026 1200 3142 podagrae(

114 3171 214 3266 Post,
242 3168 332 3250 hinc
351 3168 538 3277 digressus,
563 3168 679 3277 jubeo
688 3166 899 3250 rfrondentia
910 3172 1030 3281 capris
1093 3199 1180 3284 300

116 3313 261 3392 Arbuta
279 3310 457 3411 sufficere,
491 3327 528 3389 et
546 3308 679 3389 fluvios
694 3311 873 3419 praebere
884 3330 1073 3411 recentes,
1166 3342 1172 3349 ·

115 3453 167 3532 Et
180 3449 319 3541 stabula
337 3477 359 3529 a
376 3448 494 3528 ventis
511 3446 681 3556 hyberno
700 3477 889 3559 opponere
904 3451 972 3534 soli

116 3591 182 3677 Ad
197 3592 370 3671 medium
388 3589 561 3670 conversa
576 3591 702 3687 diem3
734 3618 826 3671 cum
846 3590 1002 3699 frigidus
1020 3591 1116 3673 olim
1144 3620 1153 3631 ²

118 3733 207 3836 Jam
220 3730 330 3828 cadit,
358 3746 601 3836 extremoque
621 3729 750 3810 irrorat
765 3730 936 3837 aquarius
955 3758 1066 3816 anno.

118 3870 204 3950 Hae
220 3894 371 3975 quoque
389 3895 466 3948 non
480 3895 569 3949 cura
580 3868 687 3956 nobis
697 3867 833 3948 leviore
846 3867 1030 3967 tuendae,-
1096 3899 1152 3982 30
1158 3899 1184 3986 5

117 4006 206 4087 Nec
223 4007 346 4086 minor
363 4006 448 4086 usus
460 4009 552 4099 erit:
586 4008 757 4117 quamvis
768 4007 915 4089 Milesia
928 4036 1068 4119 magno
1093 4062 1098 4069 ·

119 4144 269 4230 Vellera
285 4162 506 4264 mutentur‚·.
520 4147 660 4260 Tyrios
674 4148 1030 4239 incocta-tubercu-
1216 4185 1222 4195 ·

1029 4282 1187 4369 Denfior
