2940 5190
289 359 355 477 48
481 352 530 446 Ρ.
566 355 833 448 Virorum
867 353 1140 453 Mruoms

287 554 369 636 Ter
380 555 463 637 sunt
481 558 604 640 conati
621 557 812 668 imponere
831 555 937 639 Pelio
956 559 1088 641 offam

286 696 445 796 Scilicet,
459 718 571 817 atque
579 699 688 780 orsae
695 698 913 781 frondosum
920 699 1106 784 involvere
1115 701 1351 829 Qlympum:

284 836 365 918 Ter
382 840 488 921 Pater
503 844 691 922 extrustos
708 838 852 948 disjecit
866 837 1028 922 fulmine
1045 859 1203 925 montes.

140 989 141 993 '
285 978 452 1089 Septima
463 981 546 1092 post
564 981 753 1062 decimam
766 979 871 1080 felix,
889 997 929 1061 et
943 964 1080 1089 ponere
1092 983 1221 1082 vitem,

284 1119 336 1201 Et
349 1123 496 1232 prensos
513 1125 695 1205 domitare
708 1123 834 1219 boves,
847 1139 886 1203 et
898 1121 983 1203 licia
997 1123 1100 1207 telae·
1176 1226 1179 1235 Ι
1264 1127 1317 1211 28
1325 1156 1349 1238 5

283 1261 448 1344 Addere.
473 1292 572 1347 nona
583 1265 693 1374 fugae
707 1261 852 1361 melior,
866 1264 1048 1345 contrarie
1057 1262 1179 1349 furtis.

283 1399 413 1482 Multa
431 1404 524 1485 adeo
542 1403 664 1512 gelida
684 1402 818 1483 melius
834 1400 871 1482 se
888 1405 999 1483 node
1014 1401 1166 1502 dedere,

284 1544 367 1624 Aut
383 1572 474 1626 cum
489 1545 573 1627 Sole
590 1572 690 1627 novo
707 1562 818 1626 terras
832 1545 961 1624 irrorat
975 1547 1092 1632 Eous.

281 1680 411 1766 Nocte
431 1682 529 1766 leves
540 1683 676 1767 melius
692 1681 988 1794 stipulanmete
1001 1683 1104 1766 arida
1113 1701 1217 1795 prata
1351 1675 1355 1679 ’

283 1821 533 1908 Tondenturr
565 1829 692 1907 nones
707 1823 828 1906 lentus
842 1816 1064 1924 malduit
1078 1821 1244 1907 humor.
1266 1848 1353 1936 290

283 1958 336 2042 Et
353 1966 509 2073 quidam
529 1964 624 2047 seros
639 1961 800 2073 hyberni
811 1960 861 2042 ad
874 1959 1028 2067 inlinit
1043 1959 1148 2072 ignee
1206 1970 1211 1985 '

282 2099 494 2213 Pervigilat,
512 2102 685 2215 ferroque
702 2100 801 2183 facee
819 2098 973 2209 inspicat
989 2118 1113 2184 acuto.

282 2243 441 2345 Interea,
462 2247 622 2358 longum
640 2261 754 2328 cantu
772 2239 886 2324 soluta
899 2241 1080 2340 laborem,

284 2387 436 2498 Arguto
456 2391 595 2498 conjux
613 2384 792 2499 percurrit
808 2383 956 2495 pefflne
968 2384 1078 2467 telas:

283 2527 496 2610 Autdulcis
514 2528 627 2609 musti
646 2527 821 2608 Vulcano
834 2523 1011 2632 decoquit
1028 2522 1244 2624 humorem,
1266 2549 1319 2637 29
1327 2552 1350 2636 ς

284 2668 337 2751 Et
351 2667 451 2753 foliis
465 2669 608 2752 undam
620 2665 754 2778 trepidi
767 2663 962 2775 despumat
973 2662 1098 2745 aheni.

283 2810 341 2892 At
357 2809 565 2894 rubicunda
582 2807 695 2890 Ceres
707 2802 836 2887 medio
856 2801 1054 2885 succiditur
1071 2802 1186 2903 aestu,

216 3031 219 3040 ,
284 2949 337 3031 Et
351 2952 478 3033 medio
492 2945 717 3033 tostasaestu
735 2942 915 3028 teritaret
930 2939 1067 3053 fruges.

284 3088 425 3169 Nudus
438 3116 511 3187 aru,
526 3090 601 3170 sere
619 3086 759 3168 nudus:
791 3081 926 3191 hyems
939 3080 1069 3189 ignava
1082 3078 1228 3159 colono.

283 3225 500 3334 Frigoribus
515 3247 621 3340 parto
634 3224 815 3338 agricolae
824 3222 1048 3334 plerumque
1064 3219 1249 3316 fruuntur,
1265 3245 1351 3329 300

284 3363 500 3474 Mutuaque
518 3369 611 3449 inter
628 3366 665 3445 se
683 3364 769 3446 laeti
788 3362 959 3444 convivia
971 3377 1113 3442 curant.

285 3501 423 3583 Invitat
434 3505 586 3612 genialis
601 3503 748 3612 hyems,
762 3503 942 3613 curasque
952 3501 1110 3585 resolvit.

284 3640 367 3720 Ceu
380 3642 516 3753 pressae
529 3643 710 3752 cumjarn
727 3661 881 3752 portum
900 3643 1051 3752 tetigere
1066 3640 1223 3739 carinae,

283 3780 479 3891 Puppibus
493 3801 531 3862 et
543 3782 628 3865 laeti
639 3797 773 3863 nautae
785 3779 994 3889 imposuere
1013 3805 1180 3883 coronas.
1264 3803 1352 3885 304

285 3917 359 3996 Sed
372 3936 498 3998 tamen
516 3938 554 3998 et
564 3947 722 4029 quernas
739 3919 891 4027 glandes
904 3937 989 4000 tum
1002 3919 1179 4027 stringere
1190 3933 1352 4024 tempus,

283 4057 338 4135 Et
353 4054 445 4153 lauri
457 4058 599 4157 baccas,
619 4058 830 4166 oleamque,
843 4079 1070 4169 cruentaque
1083 4076 1219 4167 myrta.

284 4197 401 4275 Tunc
419 4194 573 4302 gruibus
587 4193 735 4303 pedicas
747 4213 784 4276 et
797 4195 888 4277 retia
904 4223 1044 4305 ponere
1057 4197 1185 4294 cervis,
1211 4288 1216 4296 ,

1128 4332 1356 4442 Auritosque
