2940 5190
284 373 353 487 64
470 360 1152 462 P.V1scru11Mssours.
1285 479 1286 482 Ν

282 570 401 654 Nunc
418 568 523 650 locus
539 562 713 650 arvorurn‘
730 566 911 676 ingeniis:
935 564 1040 677 ‘quae
1052 564 1185 651 robora
1192 568 1348 682 'cuique'

157 731 162 742 ·
282 709 382 806 Quis
398 707 513 806 color,
531 727 570 789 et
585 734 680 818 quae
698 706 741 786 fit
758 708 867 787 rebus
880 703 1010 787 natura
1025 705 1197 794 ferendis.

283 847 468 966 Difficiles
486 849 655 959 primum
668 867 797 945 terrae,
817 845 1001 957 collesque
1011 845 1181 958 maligni,
1209 861 1212 867 ’

127 1040 128 1044 ¹
283 989 430 1071 Tenuis
445 988 512 1068 ubi
523 989 663 1099 argilla,
686 1006 724 1070 et
734 987 898 1069 dumofis
912 986 1075 1070 calculus
1091 992 1198 1092 arvis,
1267 991 1350 1077 180

283 1129 449 1212 Palladia
464 1131 627 1239 gaudent
645 1128 745 1241 sylva
764 1129 898 1211 vivacis
918 1129 1047 1214 olivae.

287 1271 437 1353 Indicio
453 1270 520 1371 cst,
539 1275 659 1353 tractu
676 1271 823 1380 surgens
836 1270 988 1351 oleaster
1004 1273 1141 1355 eodem
1239 1296 1241 1301 '

285 1406 489 1509 Plurimus,
505 1425 543 1488 et
559 1409 658 1490 strati
670 1410 793 1490 baccis
807 1407 1040 1518 sylvestribus
1058 1412 1147 1522 agri.
1234 1412 1238 1419 ’

218 1555 222 1558 ’
285 1545 343 1628 At
362 1555 457 1655 quae
474 1546 622 1655 pinguis
635 1545 789 1647 humus,
800 1546 977 1658 dulcique
997 1549 1137 1660 uligine
1157 1550 1263 1653 ueta,

286 1687 442 1793 Qique
453 1685 626 1795 frequens
640 1684 808 1768 herbiset
817 1685 945 1767 fertilis
958 1687 1071 1771 ubere
1079 1716 1248 1800 campus,
1270 1692 1319 1775 18
1327 1717 1351 1801 5

262 1854 264 1862 J
286 1823 572 1937 Qualem‘saepe
589 1823 681 1907 cava'
695 1824 833 1906 moniis
852 1824 1019 1907 convalle
1035 1825 1195 1909 solemus

277 1963 514 2073 'Despiceres
544 1961 623 2045 huc
637 1964 795 2046 summis
808 1962 1002 2075 liquuntur
1017 1964 1172 2076 rupibus
1188 1966 1319 2063 amnes

291 2077 535 2212 Felicemque
546 2100 698 2185 trnhunt
716 2104 881 2184 limumi
910 2102 1051 2213 quique
1065 2103 1330 2203 editusaustro,

101 2225 103 2230 Α
206 2281 207 2284 ¹
289 2244 345 2326 Et
361 2240 502 2328 filicem
515 2231 638 2328 curvis
654 2237 809 2327 invisam
829 2241 1084 2355 pasciturus:

289 2383 371 2464 Hic
388 2385 457 2463 tibi
476 2384 698 2492 praevalidas
715 2385 810 2464 olim
828 2382 1025 2493 multoque
1041 2382 1197 2468 fluentes
1277 2408 1356 2494 190

290 2519 458 2601 Sufficiet
470 2521 618 2602 baccho
637 2523 752 2602 vites:
782 2518 846 2600 hic
865 2518 995 2602 fertilis
1013 2549 1118 2619 uvae,

175 2649 187 2673 ‘
290 2658 372 2740 Hic
385 2655 519 2756 laticis'
544 2657 697 2768 qualem
705 2657 1021 2769 paterislibinius
1042 2677 1081 2740 et
1095 2687 1198 2758 auro,

292 2798 441 2882 inflavit
457 2800 549 2880 curn
566 2800 713 2911 pinguis
730 2802 822 2883 ebur
837 2797 1059 2909 Tyrrhenus
1078 2799 1127 2897 ad]
1142 2827 1234 2900 aras,

252 2995 255 3003 .
291 2936 481 3023 Lancib'us
501 2958 538 3022 et
557 2942 688 3052 pandis
707 2939 891 3022 fumantia
910 2940 1099 3021 reddimus
1115 2957 1212 3026 exta.

294 3081 360 3159 Sin
376 3097 543 3159 armenta
555 3080 675 3186 magis
690 3078 856 3158 studium
869 3078 1077 3187 vitulosque
1093 3078 1202 3173 tueri,
1278 3102 1328 3186 19
1335 3104 1359 3187 5

293 3221 377 3299 Aut
389 3218 509 3299 foetus
527 3219 668 3319 ovium,
684 3236 747 3299 aut
760 3216 905 3298 urentes
923 3215 1023 3298 culta
1040 3212 1223 3325 capellas:

295 3357 416 3437 Saltus
430 3376 467 3437 et
479 3358 587 3437 saturi
601 3359 715 3467 petito
732 3359 937 3466 longinqua
948 3355 1119 3453 Tarenti,
1215 3360 1220 3370 '

295 3496 348 3577 ut
365 3495 517 3604 quum
530 3475 660 3575 nferis
675 3495 795 3575 anun
812 3488 973 3576 Mantua
987 3521 1181 3603 campum,

294 3636 513 3718 Pascentem
527 3636 652 3717 niveos
668 3632 825 3717 herboso
842 3634 999 3717 flumine
1016 3642 1167 3743 cycnos.
1221 3641 1223 3645 ’

296 3777 391 3859 Non
415 3778 547 3887 liquidi
566 3777 739 3887 gregibus
761 3776 895 3875 fontes,
919 3804 995 3857 non
1010 3775 1176 3883 granuna
1191 3772 1367 3854 deerunt:

301 3918 352 3997 Et
366 3935 550 4025 quantum
566 3916 685 4024 longis
704 3934 855 4026 carpent
868 3926 1034 3996 armenta
1049 3913 1191 4010 diebus,
1207 3919 1217 3958 ³
1287 3934 1364 3995 201

46 4099 50 4108 ·
122 4111 125 4117 -
235 4137 238 4143 ,
300 4057 450 4166 Exigua
468 4056 775 4163 tanturn'gelidus
793 4082 852 4135 ros
878 4058 988 4136 nolle
1006 4071 1170 4164 reponet.
1224 4064 1237 4087 ²

33 4196 34 4204 Ν
133 4192 136 4198 ’
234 4294 240 4314 -.
299 4197 421 4308 Nigra
440 4194 529 4298 fere,
545 4198 583 4278 et
599 4187 717 4306 presso
730 4196 878 4307 pinguis
890 4194 956 4278 sub
973 4221 1124 4313 vomere
1141 4211 1248 4288 terra,

1321 4325 1421 4410 Et.
