2940 5190
332 396 707 489 ·Ge0norcA.
744 386 868 492 eri.
907 395 943 491 1.
1118 425 1193 520 49

126 598 349 705 Auritosque
365 596 468 708 sequi
484 597 625 708 lepores
637 618 664 696 3·
681 616 767 677 turn
783 597 896 707 figere
916 596 1057 699 damas,

126 746 261 850 Stupea
280 755 518 846 torquentem
536 738 696 819 Balearis
712 739 862 820 verbera
875 739 1026 838 fundae,
1183 832 1186 839 ¹

126 878 304 962 Cumnix
316 874 506 985 altajacet,
517 874 675 984 glaciem
683 904 774 955 cum
782 875 938 957 flumina
945 876 1193 990 trudunt.310

187 1019 293 1125 Qid
306 1019 541 1127 tempestates
558 1017 730 1099 autumni
747 1035 785 1097 et
797 1018 912 1098 fidera
929 1020 1076 1103 dicam?

127 1163 256 1271 Atque
276 1159 341 1239 ubi
357 1160 439 1266 jam
454 1158 673 1267 breviorque
691 1158 781 1255 dies,
801 1176 839 1239 et
853 1158 1004 1239 mollior
1022 1159 1147 1257 aestas,

129 1301 240 1408 Qae
250 1296 436 1405 vigilanda
448 1296 561 1380 viris?
582 1295 641 1377 vel
659 1324 750 1376 cum
766 1297 840 1377 ruit
857 1296 1094 1378 imbriferum
1103 1324 1186 1378 verr
1202 1356 1207 1364 -

129 1435 262 1543 Spicea
276 1434 359 1540 jam
375 1436 519 1542 campis
535 1462 626 1515 cum
645 1434 767 1514 melfis
781 1430 978 1536 inhorruit,
997 1453 1035 1516 et
1051 1462 1144 1518 curn

51 1573 54 1578 ’
91 1574 97 1589 “
126 1574 163 1653 F
164 1588 337 1651 tumenta
354 1574 394 1651 in
407 1573 514 1653 viridi
532 1573 666 1683 stipula
684 1572 854 1654 ludentia
871 1579 1047 1683 turgenti
1075 1645 1079 1654 .
1111 1600 1164 1685 31·
1171 1595 1196 1682 5

131 1716 246 1824 Saepe
262 1740 347 1821 ego,
368 1741 460 1796 cum
479 1712 582 1796 flavis
596 1713 793 1794 messorem
806 1713 997 1795 induceret
1008 1713 1103 1795 aruis
1175 1773 1177 1776 -

131 1851 320 1962 Agricola,
339 1870 376 1933 et
392 1852 514 1963 fragili
522 1854 604 1964 jam
624 1853 815 1960 stringeret
828 1851 969 1935 hordea
980 1853 1123 1949 culmo,
1204 1883 1211 1899 ·

133 1992 275 2071 Omnia
293 2011 492 2074 ventorum
506 2020 725 2075 concurrere
742 1992 878 2099 praelia
894 1994 996 2089 vidi;

132 2134 241 2240 Qae
256 2132 445 2239 gravidam
463 2134 535 2213 late
552 2134 713 2240 segetem
732 2131 781 2210 ab
800 2132 984 2213 radicibus
999 2131 1084 2211 imis

133 2270 301 2352 Sublime
320 2274 512 2381 expulsam
528 2289 714 2353 eruerent:
734 2272 785 2349 ita
799 2270 945 2348 turbine
965 2270 1072 2374 nigro
1116 2294 1203 2380 320

134 2413 264 2490 Ferret
290 2406 426 2518 hyems
458 2410 704 2521 culmumque
731 2408 864 2507 levem,
891 2407 1207 2518 stipulasquevo«

319 2546 445 2632 lantes.

136 2693 250 2797 Saepe
267 2689 381 2769 etiarn
397 2691 627 2776 immensum
637 2694 743 2776 coelo
751 2694 853 2775 venit
862 2720 998 2803 agmen
1009 2716 1206 2802 aquarum,

136 2830 189 2908 Et
205 2828 358 2908 foedam
371 2831 580 2939 glomerant
597 2834 860 2942 tempestatem
879 2831 1062 2911 imbribus
1075 2829 1160 2910 atris

137 2965 328 3047 Colledtae
341 2995 389 3048 ex
406 2968 482 3051 alto
499 2973 637 3053 nubes:
669 2973 744 3051 ruit
758 2972 893 3052 arduus
910 2966 1049 3063 aether,

141 3111 193 3190 Et
213 3107 339 3218 pluvia
359 3111 500 3221 ingenti
519 3115 591 3196 sata
602 3115 707 3213 lacta,
726 3114 921 3220 boumque
938 3107 1079 3191 labores
1124 3134 1176 3218 32
1186 3135 1209 3220 5

142 3250 290 3332 Diluit:
323 3253 524 3363 implentur
540 3257 662 3352 foliae,
681 3276 719 3335 et
733 3282 821 3335 cava
835 3252 993 3333 flumina
1006 3249 1174 3333 creseunt

144 3392 248 3471 Cum
267 3392 401 3490 sonitu,
421 3394 611 3506 fervetque
629 3399 734 3493 fretis,
747 3395 965 3504 spirantibus
982 3417 1134 3501 aequor.

146 3530 226 3640 Ipse
241 3551 354 3638 pater,
367 3536 491 3616 media
509 3538 726 3617 nimborum
738 3538 778 3616 in
799 3540 918 3631 node,
932 3531 1081 3613 corusca

146 3671 324 3753 Fulmina
342 3675 496 3756 molitur
514 3677 666 3758 dextra:
698 3705 776 3785 quo
798 3674 967 3756 maxima
981 3688 1091 3750 motu

152 3815 271 3892 Terra
287 3818 435 3898 tremit:
467 3818 596 3927 fugere
611 3817 721 3913 serae,
740 3835 778 3897 et
794 3812 965 3894 mortalia
977 3806 1090 3889 corda
1135 3826 1221 3913 330

155 3954 228 4032 Per
241 3972 365 4058 gentes
383 3954 540 4038 humilis
559 3959 682 4038 stravit
700 3982 826 4067 pavor.
856 3950 919 4031 ille
937 3945 1104 4056 flagranti

151 4096 235 4172 Aut
252 4091 371 4191 Atho,
392 4115 455 4177 aut
470 4096 698 4206 Rhodopen,
721 4114 785 4178 aut
798 4091 871 4174 alta
885 4087 1069 4170 Ceraunia
1083 4080 1159 4164 telo

153 4232 319 4343 Dejicit:
351 4234 583 4348 ingeminant
601 4239 725 4334 austri,
751 4256 789 4320 et
806 4231 1034 4321 densrffimus
1051 4224 1197 4306 imber:

709 4376 745 4457 Ε
1110 4360 1231 4442 Nunc
1380 4458 1384 4467 Ι
