2940 5190
17 392 77 487 18
218 366 943 499 P.V1uo1r11Muuou1s‘
1110 464 1113 469 .

14 588 110 668 Vina
127 611 270 668 novum
286 582 446 669 fundam
464 579 618 665 calathis
630 583 775 664 Arvifia
787 588 926 668 nestas.

11 727 225 809 Cantabuut
242 724 339 805 mihi
354 726 570 821 Damoetas,
592 740 629 804 et
642 723 800 832 Lyctius
817 726 979 836 Aegon:

12 861 189 945 Saltantes
202 865 348 970 Satyros
360 861 568 941 imitabitur
584 858 871 971 Alphesiboeus.

12 1002 121 1085 Haec
138 1001 206 1084 tibi
223 1002 367 1112 semper
378 1018 509 1097 erunt;
532 1018 570 1081 et
582 1029 676 1082 cum
687 1001 865 1085 sollennia
880 1022 969 1087 vota

12 1140 232 1222 Reddemus
243 1139 451 1251 Nymphis,
471 1157 510 1219 et
526 1167 618 1220 cum
630 1139 869 1224 lustrabimus
888 1168 1006 1252 agros.
1026 1170 1052 1255 7
1060 1167 1083 1253 ς

12 1279 221 1389 Durujuga
239 1280 377 1359 montis
396 1305 495 1387 aper,
515 1277 651 1360 fluvios
667 1280 763 1363 dnm
779 1272 888 1392 piscis
899 1280 1056 1376 'ornabit

12 1420 197 1525 Dumque
214 1415 350 1524 thymo
367 1417 560 1526 pascentur
577 1447 678 1530 apes,
695 1422 793 1503 dum
810 1450 895 1505 rore
913 1419 1083 1503 cieadaer

12 1556 168 1664 Semper
199 1552 333 1657 honos,
366 1582 583 1666 nomenque
615 1576 741 1657 tuum,
767 1560 967 1672 laudesque
1005 1585 1088 1642 ma·

196 1696 350 1781 nebunt.

11 1837 68 1917 Ut
84 1834 235 1919 Baccho
248 1839 461 1949 Cererique,
475 1841 543 1922 tibi
557 1840 608 1923 fic
623 1860 709 1925 vota
722 1845 923 1953 quotannis

13 1974 211 2085 Agricolae
227 1973 386 2063 facient:
417 1981 613 2087 damnabis
631 2002 673 2066 tu
686 2010 839 2095 quoque
853 1984 961 2070 votis.
1029 1983 1086 2065 80
1176 2032 1186 2063 .

14 2117 130 2203 Mon
145 2123 253 2230 Qu
264 2121 345 2223 ou,
358 2150 454 2235 quae
468 2123 533 2204 sau
543 2126 699 2209 fuum
707 2153 777 2236 pro
789 2099 1088 2206 mussona?

13 2259 57 2343 N
58 2288 123 2342 am
141 2290 265 2373 neque
277 2290 342 2346 me
357 2282 505 2348 tantum
522 2267 703 2348 venientis
723 2265 849 2348 sibilus
866 2264 1007 2361 Austri,

15 2402 105 2483 Nec
118 2403 282 2513 perculsa
291 2406 425 2512 juvant
441 2406 560 2487 flustu
573 2426 654 2488 tam
665 2407 788 2508 litora,
799 2402 881 2488 'nec
895 2432 991 2514 quae

19 2538 171 2621 Saxosas
190 2541 284 2622 inter
302 2541 505 2624 decurrunt
524 2541 685 2622 flumina
702 2542 827 2621 valles.

18 2679 146 2764 Man.
161 2680 249 2762 Hac
266 2695 304 2762 te
317 2707 386 2762 nos
402 2678 524 2791 fragili
539 2678 762 2761 donabimus
780 2695 865 2758 ante
880 2679 1013 2760 cicuta.
1035 2678 1057 2760 8
1065 2704 1089 2789 ς

21 2818 131 2904 Haec
153 2848 233 2922 nos,
253 2819 482 2904 Formosum
498 2818 679 2930 Corydon
694 2816 846 2900 ardebat
862 2814 1042 2897 Alexim:

23 2962 134 3048 Haec
152 2962 284 3046 eadem
296 2962 438 3064 docuit,
457 2961 601 3071 Cujum
619 2965 761 3074 pecus?
779 2984 829 3040 an
842 2954 1052 3037 Meliboei?

23 3105 147 3191 Mos.
165 3107 220 3185 At
247 3122 291 3186 tu
316 3102 423 3188 sume
454 3102 611 3217 pedum,
640 3099 758 3213 quod,
787 3122 851 3180 me
874 3121 966 3176 cum
989 3092 1095 3202 saepe

211 3262 370 3358 rogaret,

29 3394 125 3478 Non
141 3388 226 3472 tulit
242 3387 447 3498 Antigenes
467 3389 522 3500 (et
538 3404 614 3469 erat
632 3401 718 3466 tum
733 3381 868 3491 dignus
886 3368 1021 3464 amaril

31 3529 258 3621 Formosum
275 3527 425 3644 paribus
441 3526 548 3613 nodis
565 3542 676 3634 atque
694 3548 788 3619 aere,
802 3510 991 3600 Menalca.
1041 3536 1099 3618 9o

841 4377 1108 4462 ECLOGA
