<?xml version="1.0" encoding="UTF-8"?>
<!DOCTYPE html PUBLIC "-//W3C//DTD XHTML 1.0 Transitional//EN"
    "http://www.w3.org/TR/xhtml1/DTD/xhtml1-transitional.dtd">
<html xmlns="http://www.w3.org/1999/xhtml" xml:lang="en" lang="en">
 <head>
  <title>
</title>
<meta http-equiv="Content-Type" content="text/html;charset=utf-8" />
  <meta name='ocr-system' content='tesseract 3.04.00' />
  <meta name='ocr-capabilities' content='ocr_page ocr_carea ocr_par ocr_line ocrx_word'/>
</head>
<body>
  <div class='ocr_page' id='page_1' title='image "./publiivirgiliim01schegoog/publiivirgiliim01schegoog_0193.png"; bbox 0 0 2940 5190; ppageno 0'>
   <div class='ocr_carea' id='block_1_1' title="bbox 243 362 1132 502">
    <p class='ocr_par' dir='ltr' id='par_1_1' title="bbox 243 362 1132 502">
     <span class='ocr_line' id='line_1_1' title="bbox 243 362 1132 502; baseline -0.013 -33"><span class='ocrx_word' id='word_1_1' title='bbox 243 362 345 502; x_wconf 58' lang='lat'>{18</span> <span class='ocrx_word' id='word_1_2' title='bbox 455 364 532 465; x_wconf 69' lang='lat' dir='ltr'>:u</span> <span class='ocrx_word' id='word_1_3' title='bbox 565 363 819 464; x_wconf 71' lang='lat' dir='ltr'>vinnm</span> <span class='ocrx_word' id='word_1_4' title='bbox 855 362 1132 461; x_wconf 69' lang='lat' dir='ltr'>Mascula</span> 
     </span>
    </p>
   </div>
   <div class='ocr_carea' id='block_1_2' title="bbox 213 537 1313 1506">
    <p class='ocr_par' dir='ltr' id='par_1_2' title="bbox 213 537 1312 953">
     <span class='ocr_line' id='line_1_2' title="bbox 248 537 1312 672; baseline 0.002 -25"><span class='ocrx_word' id='word_1_5' title='bbox 248 564 606 672; x_wconf 68' lang='lat' dir='ltr'>AltaqoePangaoe,</span> <span class='ocrx_word' id='word_1_6' title='bbox 637 537 805 645; x_wconf 63' lang='lat' dir='ltr'>anien</span> <span class='ocrx_word' id='word_1_7' title='bbox 822 563 1009 646; x_wconf 79' lang='lat' dir='ltr'>Mavortia</span> <span class='ocrx_word' id='word_1_8' title='bbox 1019 563 1141 660; x_wconf 69' lang='lat' dir='ltr'>teum,</span> <span class='ocrx_word' id='word_1_9' title='bbox 1307 571 1312 581; x_wconf 91' lang='lat'>·</span> 
     </span>
     <span class='ocr_line' id='line_1_3' title="bbox 213 699 1305 813; baseline 0 -27"><span class='ocrx_word' id='word_1_10' title='bbox 213 762 220 786; x_wconf 76' lang='grc'><em>,</em></span> <span class='ocrx_word' id='word_1_11' title='bbox 249 706 380 811; x_wconf 82' lang='lat' dir='ltr'>Atque</span> <span class='ocrx_word' id='word_1_12' title='bbox 395 702 527 801; x_wconf 78' lang='lat' dir='ltr'>Getae,</span> <span class='ocrx_word' id='word_1_13' title='bbox 549 721 661 812; x_wconf 82' lang='lat' dir='ltr'>atque</span> <span class='ocrx_word' id='word_1_14' title='bbox 673 702 838 799; x_wconf 78' lang='lat' dir='ltr'>Hebrus,</span> <span class='ocrx_word' id='word_1_15' title='bbox 856 720 968 810; x_wconf 88' lang='lat' dir='ltr'>atque</span> <span class='ocrx_word' id='word_1_16' title='bbox 978 703 1107 782; x_wconf 64' lang='lat' dir='ltr'>Actias</span> <span class='ocrx_word' id='word_1_17' title='bbox 1120 699 1305 813; x_wconf 73' lang='lat' dir='ltr'><strong>Orithyia.</strong></span> 
     </span>
     <span class='ocr_line' id='line_1_4' title="bbox 247 842 1125 953; baseline 0 -26"><span class='ocrx_word' id='word_1_18' title='bbox 247 843 331 953; x_wconf 80' lang='lat' dir='ltr'>lpse</span> <span class='ocrx_word' id='word_1_19' title='bbox 344 870 433 927; x_wconf 80' lang='lat' dir='ltr'>cava</span> <span class='ocrx_word' id='word_1_20' title='bbox 445 845 564 929; x_wconf 85' lang='lat' dir='ltr'>solans</span> <span class='ocrx_word' id='word_1_21' title='bbox 580 872 734 953; x_wconf 86' lang='lat' dir='ltr'>aegrum</span> <span class='ocrx_word' id='word_1_22' title='bbox 751 842 931 927; x_wconf 79' lang='lat' dir='ltr'>testudine</span> <span class='ocrx_word' id='word_1_23' title='bbox 943 870 1125 943; x_wconf 82' lang='lat' dir='ltr'>amorem,</span> 
     </span>
    </p>

    <p class='ocr_par' dir='ltr' id='par_1_3' title="bbox 249 981 1313 1211">
     <span class='ocr_line' id='line_1_5' title="bbox 249 981 1313 1095; baseline 0.005 -33"><span class='ocrx_word' id='word_1_24' title='bbox 249 982 325 1080; x_wconf 89' lang='lat' dir='ltr'>Te,</span> <span class='ocrx_word' id='word_1_25' title='bbox 355 982 474 1066; x_wconf 89' lang='lat' dir='ltr'>dulcis</span> <span class='ocrx_word' id='word_1_26' title='bbox 485 985 636 1090; x_wconf 82' lang='lat' dir='ltr'>conjux,</span> <span class='ocrx_word' id='word_1_27' title='bbox 666 1001 703 1063; x_wconf 89' lang='lat' dir='ltr'>te</span> <span class='ocrx_word' id='word_1_28' title='bbox 717 981 795 1065; x_wconf 84' lang='lat' dir='ltr'>snio</span> <span class='ocrx_word' id='word_1_29' title='bbox 808 983 846 1062; x_wconf 86' lang='lat' dir='ltr'>in</span> <span class='ocrx_word' id='word_1_30' title='bbox 860 982 965 1066; x_wconf 85' lang='lat' dir='ltr'>litore</span> <span class='ocrx_word' id='word_1_31' title='bbox 976 982 1116 1081; x_wconf 82' lang='lat' dir='ltr'>secum,</span> <span class='ocrx_word' id='word_1_32' title='bbox 1224 986 1281 1090; x_wconf 80' lang='lat'>4⁶</span> <span class='ocrx_word' id='word_1_33' title='bbox 1289 1003 1313 1095; x_wconf 69' lang='grc' dir='ltr'><em>ς</em></span> 
     </span>
     <span class='ocr_line' id='line_1_6' title="bbox 249 1120 1055 1218; baseline -0.004 -13"><span class='ocrx_word' id='word_1_34' title='bbox 249 1120 314 1205; x_wconf 70' lang='lat' dir='ltr'>Te</span> <span class='ocrx_word' id='word_1_35' title='bbox 330 1122 499 1204; x_wconf 82' lang='lat' dir='ltr'>veniente</span> <span class='ocrx_word' id='word_1_36' title='bbox 517 1122 592 1218; x_wconf 92' lang='lat' dir='ltr'>die,</span> <span class='ocrx_word' id='word_1_37' title='bbox 621 1138 658 1200; x_wconf 91' lang='lat' dir='ltr'>te</span> <span class='ocrx_word' id='word_1_38' title='bbox 673 1120 873 1211; x_wconf 85' lang='lat' dir='ltr'>decedente</span> <span class='ocrx_word' id='word_1_39' title='bbox 888 1121 1055 1208; x_wconf 80' lang='lat' dir='ltr'><strong>canebat.</strong></span> 
     </span>
    </p>

    <p class='ocr_par' dir='ltr' id='par_1_4' title="bbox 249 1257 1081 1358">
     <span class='ocr_line' id='line_1_7' title="bbox 249 1257 1081 1358; baseline 0.002 -21"><span class='ocrx_word' id='word_1_40' title='bbox 249 1258 452 1342; x_wconf 84' lang='lat' dir='ltr'>Taenarias</span> <span class='ocrx_word' id='word_1_41' title='bbox 474 1260 589 1342; x_wconf 84' lang='lat' dir='ltr'>etiam</span> <span class='ocrx_word' id='word_1_42' title='bbox 604 1258 741 1356; x_wconf 86' lang='lat' dir='ltr'>fauces,</span> <span class='ocrx_word' id='word_1_43' title='bbox 773 1260 845 1340; x_wconf 88' lang='lat' dir='ltr'>alta</span> <span class='ocrx_word' id='word_1_44' title='bbox 860 1257 952 1339; x_wconf 84' lang='lat' dir='ltr'>ostia</span> <span class='ocrx_word' id='word_1_45' title='bbox 968 1260 1081 1358; x_wconf 88' lang='lat' dir='ltr'>Ditis,</span> 
     </span>
    </p>

    <p class='ocr_par' dir='ltr' id='par_1_5' title="bbox 248 1397 1022 1506">
     <span class='ocr_line' id='line_1_8' title="bbox 248 1397 1022 1506; baseline 0.005 -31"><span class='ocrx_word' id='word_1_46' title='bbox 248 1397 303 1476; x_wconf 87' lang='lat' dir='ltr'>Et</span> <span class='ocrx_word' id='word_1_47' title='bbox 317 1400 593 1506; x_wconf 71' lang='lat' dir='ltr'>caligantem</span> <span class='ocrx_word' id='word_1_48' title='bbox 554 1416 659 1504; x_wconf 79' lang='lat' dir='ltr'>nigra</span> <span class='ocrx_word' id='word_1_49' title='bbox 676 1397 876 1479; x_wconf 84' lang='lat' dir='ltr'>formidine</span> <span class='ocrx_word' id='word_1_50' title='bbox 890 1397 1022 1479; x_wconf 88' lang='lat' dir='ltr'>lucum</span> 
     </span>
    </p>
   </div>
   <div class='ocr_carea' id='block_1_3' title="bbox 78 1525 1419 1644">
    <p class='ocr_par' dir='ltr' id='par_1_6' title="bbox 78 1525 1419 1644">
     <span class='ocr_line' id='line_1_9' title="bbox 78 1525 1419 1644; baseline -0.001 -27"><span class='ocrx_word' id='word_1_51' title='bbox 78 1552 83 1559; x_wconf 82' lang='grc'><strong>’</strong></span> <span class='ocrx_word' id='word_1_52' title='bbox 248 1525 444 1642; x_wconf 79' lang='lat' dir='ltr'>ligreffus,</span> <span class='ocrx_word' id='word_1_53' title='bbox 475 1534 682 1640; x_wconf 82' lang='lat' dir='ltr'>Manesque</span> <span class='ocrx_word' id='word_1_54' title='bbox 695 1534 786 1614; x_wconf 84' lang='lat' dir='ltr'>adiit</span> <span class='ocrx_word' id='word_1_55' title='bbox 787 1563 1021 1644; x_wconf 85' lang='lat' dir='ltr'>regemque</span> <span class='ocrx_word' id='word_1_56' title='bbox 1033 1535 1286 1634; x_wconf 86' lang='lat' dir='ltr'>tremendum</span> <span class='ocrx_word' id='word_1_57' title='bbox 1417 1628 1419 1632; x_wconf 6' lang='grc' dir='ltr'>μ</span> 
     </span>
    </p>
   </div>
   <div class='ocr_carea' id='block_1_4' title="bbox 246 1670 1315 2199">
    <p class='ocr_par' dir='ltr' id='par_1_7' title="bbox 246 1670 1315 2199">
     <span class='ocr_line' id='line_1_10' title="bbox 246 1670 1314 1788; baseline 0.003 -33"><span class='ocrx_word' id='word_1_58' title='bbox 246 1673 460 1783; x_wconf 85' lang='lat' dir='ltr'>Nesciaque</span> <span class='ocrx_word' id='word_1_59' title='bbox 471 1670 646 1755; x_wconf 76' lang='lat' dir='ltr'>humanis</span> <span class='ocrx_word' id='word_1_60' title='bbox 652 1673 822 1781; x_wconf 77' lang='lat' dir='ltr'>precibus</span> <span class='ocrx_word' id='word_1_61' title='bbox 832 1674 1081 1759; x_wconf 83' lang='lat' dir='ltr'>mansuescere</span> <span class='ocrx_word' id='word_1_62' title='bbox 1090 1675 1216 1756; x_wconf 81' lang='lat' dir='ltr'>corda</span> <span class='ocrx_word' id='word_1_63' title='bbox 1227 1701 1314 1788; x_wconf 83' lang='lat'>470</span> 
     </span>
     <span class='ocr_line' id='line_1_11' title="bbox 248 1813 1310 1928; baseline -0.006 -27"><span class='ocrx_word' id='word_1_64' title='bbox 248 1815 435 1908; x_wconf 79' lang='lat' dir='ltr'>Atcanta</span> <span class='ocrx_word' id='word_1_65' title='bbox 448 1829 661 1895; x_wconf 81' lang='lat' dir='ltr'>commotae</span> <span class='ocrx_word' id='word_1_66' title='bbox 675 1813 788 1899; x_wconf 80' lang='lat' dir='ltr'>Erebi</span> <span class='ocrx_word' id='word_1_67' title='bbox 807 1813 855 1894; x_wconf 88' lang='lat' dir='ltr'>de</span> <span class='ocrx_word' id='word_1_68' title='bbox 875 1813 1119 1895; x_wconf 82' lang='lat' dir='ltr'>sedibusimis</span> <span class='ocrx_word' id='word_1_69' title='bbox 1304 1921 1310 1928; x_wconf 21' lang='grc' dir='ltr'>Ι</span> 
     </span>
     <span class='ocr_line' id='line_1_12' title="bbox 249 1949 1315 2060; baseline -0.001 -29"><span class='ocrx_word' id='word_1_70' title='bbox 249 1949 420 2033; x_wconf 87' lang='lat' dir='ltr'>Umbrae</span> <span class='ocrx_word' id='word_1_71' title='bbox 438 1952 543 2032; x_wconf 89' lang='lat' dir='ltr'>ibant</span> <span class='ocrx_word' id='word_1_72' title='bbox 554 1968 695 2052; x_wconf 79' lang='lat' dir='ltr'>tenues,</span> <span class='ocrx_word' id='word_1_73' title='bbox 710 1950 978 2060; x_wconf 82' lang='lat' dir='ltr'>fimulacraque</span> <span class='ocrx_word' id='word_1_74' title='bbox 998 1949 1082 2032; x_wconf 90' lang='lat' dir='ltr'>luce</span> <span class='ocrx_word' id='word_1_75' title='bbox 1099 1967 1315 2032; x_wconf 71' lang='lat' dir='ltr'>carentum:</span> 
     </span>
     <span class='ocr_line' id='line_1_13' title="bbox 250 2089 1228 2199; baseline -0.007 -26"><span class='ocrx_word' id='word_1_76' title='bbox 250 2091 383 2198; x_wconf 71' lang='lat' dir='ltr'>,Qam</span> <span class='ocrx_word' id='word_1_77' title='bbox 399 2091 520 2173; x_wconf 86' lang='lat' dir='ltr'>multa</span> <span class='ocrx_word' id='word_1_78' title='bbox 539 2091 580 2172; x_wconf 85' lang='lat' dir='ltr'>in</span> <span class='ocrx_word' id='word_1_79' title='bbox 597 2089 706 2199; x_wconf 76' lang='lat' dir='ltr'>sylvis</span> <span class='ocrx_word' id='word_1_80' title='bbox 723 2090 853 2173; x_wconf 87' lang='lat' dir='ltr'>avium</span> <span class='ocrx_word' id='word_1_81' title='bbox 870 2089 906 2170; x_wconf 86' lang='lat' dir='ltr'>se</span> <span class='ocrx_word' id='word_1_82' title='bbox 919 2089 1036 2183; x_wconf 79' lang='lat' dir='ltr'>millia</span> <span class='ocrx_word' id='word_1_83' title='bbox 1050 2090 1228 2188; x_wconf 82' lang='lat' dir='ltr'>condunt,</span> 
     </span>
    </p>
   </div>
   <div class='ocr_carea' id='block_1_5' title="bbox 244 2229 1316 4310">
    <p class='ocr_par' dir='ltr' id='par_1_8' title="bbox 244 2229 1316 4310">
     <span class='ocr_line' id='line_1_14' title="bbox 248 2229 1314 2342; baseline 0.006 -33"><span class='ocrx_word' id='word_1_84' title='bbox 248 2230 390 2342; x_wconf 84' lang='lat' dir='ltr'>Vesper</span> <span class='ocrx_word' id='word_1_85' title='bbox 406 2232 485 2332; x_wconf 90' lang='lat' dir='ltr'>ubi,</span> <span class='ocrx_word' id='word_1_86' title='bbox 515 2251 579 2312; x_wconf 90' lang='lat' dir='ltr'>ant</span> <span class='ocrx_word' id='word_1_87' title='bbox 595 2229 783 2339; x_wconf 86' lang='lat' dir='ltr'>hybernus</span> <span class='ocrx_word' id='word_1_88' title='bbox 800 2232 876 2341; x_wconf 82' lang='lat' dir='ltr'>agit</span> <span class='ocrx_word' id='word_1_89' title='bbox 893 2231 940 2312; x_wconf 89' lang='lat' dir='ltr'>de</span> <span class='ocrx_word' id='word_1_90' title='bbox 957 2233 1149 2313; x_wconf 87' lang='lat' dir='ltr'>montibus</span> <span class='ocrx_word' id='word_1_91' title='bbox 1167 2231 1314 2315; x_wconf 86' lang='lat' dir='ltr'>imber:</span> 
     </span>
     <span class='ocr_line' id='line_1_15' title="bbox 247 2373 1315 2488; baseline -0.004 -32"><span class='ocrx_word' id='word_1_92' title='bbox 247 2373 405 2475; x_wconf 75' lang='lat' dir='ltr'>Matres,</span> <span class='ocrx_word' id='word_1_93' title='bbox 431 2395 544 2485; x_wconf 80' lang='lat' dir='ltr'>atque</span> <span class='ocrx_word' id='word_1_94' title='bbox 555 2375 637 2470; x_wconf 92' lang='lat' dir='ltr'>viri,</span> <span class='ocrx_word' id='word_1_95' title='bbox 667 2373 916 2483; x_wconf 60' lang='lat' dir='ltr'>defimfflque</span> <span class='ocrx_word' id='word_1_96' title='bbox 928 2402 1083 2484; x_wconf 79' lang='lat' dir='ltr'>corpora</span> <span class='ocrx_word' id='word_1_97' title='bbox 1095 2377 1170 2469; x_wconf 81' lang='lat' dir='ltr'>vita</span> <span class='ocrx_word' id='word_1_98' title='bbox 1228 2405 1285 2488; x_wconf 83' lang='lat'>47</span> <span class='ocrx_word' id='word_1_99' title='bbox 1292 2388 1315 2483; x_wconf 71' lang='grc' dir='ltr'>ς’</span> 
     </span>
     <span class='ocr_line' id='line_1_16' title="bbox 247 2511 1316 2628; baseline -0.001 -32"><span class='ocrx_word' id='word_1_100' title='bbox 247 2511 544 2622; x_wconf 80' lang='lat' dir='ltr'>Magnanimum</span> <span class='ocrx_word' id='word_1_101' title='bbox 560 2512 734 2612; x_wconf 85' lang='lat' dir='ltr'>heroum,</span> <span class='ocrx_word' id='word_1_102' title='bbox 753 2515 871 2622; x_wconf 86' lang='lat' dir='ltr'>pueri,</span> <span class='ocrx_word' id='word_1_103' title='bbox 894 2514 1145 2623; x_wconf 85' lang='lat' dir='ltr'>innuptaeque</span> <span class='ocrx_word' id='word_1_104' title='bbox 1158 2513 1316 2628; x_wconf 85' lang='lat' dir='ltr'>puellae,</span> 
     </span>
     <span class='ocr_line' id='line_1_17' title="bbox 249 2649 1186 2766; baseline 0.006 -31"><span class='ocrx_word' id='word_1_105' title='bbox 249 2649 495 2766; x_wconf 84' lang='lat' dir='ltr'>Impofitique</span> <span class='ocrx_word' id='word_1_106' title='bbox 513 2656 612 2766; x_wconf 81' lang='lat' dir='ltr'>rogis</span> <span class='ocrx_word' id='word_1_107' title='bbox 622 2657 778 2764; x_wconf 84' lang='lat' dir='ltr'>juvenes</span> <span class='ocrx_word' id='word_1_108' title='bbox 794 2671 880 2738; x_wconf 85' lang='lat' dir='ltr'>ante</span> <span class='ocrx_word' id='word_1_109' title='bbox 897 2683 962 2737; x_wconf 85' lang='lat' dir='ltr'>ora</span> <span class='ocrx_word' id='word_1_110' title='bbox 978 2675 1186 2766; x_wconf 84' lang='lat' dir='ltr'>parentum,</span> 
     </span>
     <span class='ocr_line' id='line_1_18' title="bbox 247 2793 1190 2902; baseline 0.005 -30"><span class='ocrx_word' id='word_1_111' title='bbox 247 2794 357 2892; x_wconf 90' lang='lat' dir='ltr'>Quos</span> <span class='ocrx_word' id='word_1_112' title='bbox 368 2797 515 2889; x_wconf 85' lang='lat' dir='ltr'>circum</span> <span class='ocrx_word' id='word_1_113' title='bbox 530 2795 643 2876; x_wconf 88' lang='lat' dir='ltr'>limus</span> <span class='ocrx_word' id='word_1_114' title='bbox 659 2796 775 2902; x_wconf 86' lang='lat' dir='ltr'>niger,</span> <span class='ocrx_word' id='word_1_115' title='bbox 806 2813 844 2874; x_wconf 90' lang='lat' dir='ltr'>et</span> <span class='ocrx_word' id='word_1_116' title='bbox 857 2793 1037 2879; x_wconf 81' lang='lat' dir='ltr'>deformis</span> <span class='ocrx_word' id='word_1_117' title='bbox 1048 2798 1190 2880; x_wconf 68' lang='lat' dir='ltr'>mundo</span> 
     </span>
     <span class='ocr_line' id='line_1_19' title="bbox 247 2932 1063 3045; baseline 0.01 -36"><span class='ocrx_word' id='word_1_118' title='bbox 247 2933 397 3041; x_wconf 85' lang='lat' dir='ltr'>Cocyti,</span> <span class='ocrx_word' id='word_1_119' title='bbox 427 2935 604 3045; x_wconf 87' lang='lat' dir='ltr'>tardaque</span> <span class='ocrx_word' id='word_1_120' title='bbox 621 2932 726 3042; x_wconf 88' lang='lat' dir='ltr'>palus</span> <span class='ocrx_word' id='word_1_121' title='bbox 740 2933 949 3014; x_wconf 86' lang='lat' dir='ltr'>inamabilis</span> <span class='ocrx_word' id='word_1_122' title='bbox 962 2935 1063 3017; x_wconf 89' lang='lat' dir='ltr'>unda</span> 
     </span>
     <span class='ocr_line' id='line_1_20' title="bbox 246 3072 1312 3180; baseline 0.002 -26"><span class='ocrx_word' id='word_1_123' title='bbox 246 3072 404 3179; x_wconf 84' lang='lat' dir='ltr'>Alligat,</span> <span class='ocrx_word' id='word_1_124' title='bbox 433 3091 471 3160; x_wconf 86' lang='lat' dir='ltr'>et</span> <span class='ocrx_word' id='word_1_125' title='bbox 486 3074 614 3155; x_wconf 89' lang='lat' dir='ltr'>novies</span> <span class='ocrx_word' id='word_1_126' title='bbox 631 3076 722 3179; x_wconf 82' lang='lat' dir='ltr'><strong>Styx</strong></span> <span class='ocrx_word' id='word_1_127' title='bbox 739 3073 912 3153; x_wconf 85' lang='lat' dir='ltr'>interfusa</span> <span class='ocrx_word' id='word_1_128' title='bbox 933 3083 1090 3156; x_wconf 68' lang='lat' dir='ltr'>coercet.</span> <span class='ocrx_word' id='word_1_129' title='bbox 1223 3076 1312 3180; x_wconf 87' lang='lat'>480</span> 
     </span>
     <span class='ocr_line' id='line_1_21' title="bbox 248 3212 1236 3324; baseline 0.003 -32"><span class='ocrx_word' id='word_1_130' title='bbox 248 3213 356 3320; x_wconf 71' lang='lat' dir='ltr'>Quin</span> <span class='ocrx_word' id='word_1_131' title='bbox 374 3214 471 3324; x_wconf 81' lang='lat' dir='ltr'>ipsae</span> <span class='ocrx_word' id='word_1_132' title='bbox 491 3214 660 3323; x_wconf 86' lang='lat' dir='ltr'>stupuere</span> <span class='ocrx_word' id='word_1_133' title='bbox 677 3212 827 3318; x_wconf 83' lang='lat' dir='ltr'>dpmus,</span> <span class='ocrx_word' id='word_1_134' title='bbox 857 3232 967 3322; x_wconf 88' lang='lat' dir='ltr'>atque</span> <span class='ocrx_word' id='word_1_135' title='bbox 983 3215 1113 3297; x_wconf 87' lang='lat' dir='ltr'>intima</span> <span class='ocrx_word' id='word_1_136' title='bbox 1124 3213 1236 3296; x_wconf 87' lang='lat' dir='ltr'>Lethi</span> 
     </span>
     <span class='ocr_line' id='line_1_22' title="bbox 247 3353 1245 3464; baseline 0.005 -31"><span class='ocrx_word' id='word_1_137' title='bbox 247 3354 412 3463; x_wconf 78' lang='lat' dir='ltr'>Tartara,</span> <span class='ocrx_word' id='word_1_138' title='bbox 443 3353 704 3461; x_wconf 86' lang='lat' dir='ltr'>coeruleosque</span> <span class='ocrx_word' id='word_1_139' title='bbox 724 3354 908 3460; x_wconf 83' lang='lat' dir='ltr'>implexae</span> <span class='ocrx_word' id='word_1_140' title='bbox 929 3355 1089 3435; x_wconf 88' lang='lat' dir='ltr'>crinibus</span> <span class='ocrx_word' id='word_1_141' title='bbox 1107 3384 1245 3464; x_wconf 84' lang='lat' dir='ltr'>angues</span> 
     </span>
     <span class='ocr_line' id='line_1_23' title="bbox 246 3489 1308 3599; baseline 0.001 -26"><span class='ocrx_word' id='word_1_142' title='bbox 246 3490 501 3589; x_wconf 71' lang='lat' dir='ltr'>Eumenides,</span> <span class='ocrx_word' id='word_1_143' title='bbox 533 3491 724 3599; x_wconf 83' lang='lat' dir='ltr'>tenuitque</span> <span class='ocrx_word' id='word_1_144' title='bbox 741 3489 886 3570; x_wconf 88' lang='lat' dir='ltr'>inhians</span> <span class='ocrx_word' id='word_1_145' title='bbox 899 3494 966 3571; x_wconf 84' lang='lat' dir='ltr'>tria</span> <span class='ocrx_word' id='word_1_146' title='bbox 979 3493 1160 3578; x_wconf 79' lang='lat' dir='ltr'>Cerberus</span> <span class='ocrx_word' id='word_1_147' title='bbox 1177 3523 1253 3589; x_wconf 88' lang='lat' dir='ltr'>ora,</span> <span class='ocrx_word' id='word_1_148' title='bbox 1305 3556 1308 3560; x_wconf 84' lang='grc'><strong>-</strong></span> 
     </span>
     <span class='ocr_line' id='line_1_24' title="bbox 246 3629 1060 3740; baseline 0 -28"><span class='ocrx_word' id='word_1_149' title='bbox 246 3631 376 3740; x_wconf 67' lang='lat' dir='ltr'>Atque</span> <span class='ocrx_word' id='word_1_150' title='bbox 389 3631 528 3711; x_wconf 85' lang='lat' dir='ltr'>Ixionii</span> <span class='ocrx_word' id='word_1_151' title='bbox 543 3646 654 3711; x_wconf 86' lang='lat' dir='ltr'>vento</span> <span class='ocrx_word' id='word_1_152' title='bbox 671 3648 751 3710; x_wconf 87' lang='lat' dir='ltr'>rota</span> <span class='ocrx_word' id='word_1_153' title='bbox 765 3629 928 3709; x_wconf 89' lang='lat' dir='ltr'>constitit</span> <span class='ocrx_word' id='word_1_154' title='bbox 948 3631 1060 3713; x_wconf 89' lang='lat' dir='ltr'>orbis.</span> 
     </span>
     <span class='ocr_line' id='line_1_25' title="bbox 247 3769 1310 3886; baseline 0.004 -35"><span class='ocrx_word' id='word_1_155' title='bbox 247 3771 423 3879; x_wconf 84' lang='lat' dir='ltr'>Jamque,</span> <span class='ocrx_word' id='word_1_156' title='bbox 439 3770 577 3882; x_wconf 81' lang='lat' dir='ltr'>pedem</span> <span class='ocrx_word' id='word_1_157' title='bbox 588 3769 761 3869; x_wconf 83' lang='lat' dir='ltr'>referens,</span> <span class='ocrx_word' id='word_1_158' title='bbox 779 3769 881 3851; x_wconf 87' lang='lat' dir='ltr'>casus</span> <span class='ocrx_word' id='word_1_159' title='bbox 891 3770 1050 3853; x_wconf 84' lang='lat' dir='ltr'>evaserat</span> <span class='ocrx_word' id='word_1_160' title='bbox 1062 3799 1206 3870; x_wconf 85' lang='lat' dir='ltr'>omnes,</span> <span class='ocrx_word' id='word_1_161' title='bbox 1223 3773 1279 3881; x_wconf 87' lang='lat'>48</span> <span class='ocrx_word' id='word_1_162' title='bbox 1286 3802 1310 3886; x_wconf 72' lang='grc' dir='ltr'><strong><em>ς</em></strong></span> 
     </span>
     <span class='ocr_line' id='line_1_26' title="bbox 245 3909 1222 4019; baseline 0.005 -30"><span class='ocrx_word' id='word_1_163' title='bbox 245 3909 483 4018; x_wconf 84' lang='lat' dir='ltr'>Redditaque</span> <span class='ocrx_word' id='word_1_164' title='bbox 492 3911 680 4019; x_wconf 86' lang='lat' dir='ltr'>Eurydice</span> <span class='ocrx_word' id='word_1_165' title='bbox 701 3910 846 4019; x_wconf 86' lang='lat' dir='ltr'>superas</span> <span class='ocrx_word' id='word_1_166' title='bbox 867 3909 1222 4015; x_wconf 84' lang='lat' dir='ltr'>veniebatadamas,</span> 
     </span>
     <span class='ocr_line' id='line_1_27' title="bbox 244 4047 1316 4174; baseline -0.001 -37"><span class='ocrx_word' id='word_1_167' title='bbox 244 4048 350 4139; x_wconf 76' lang='lat' dir='ltr'>Pone</span> <span class='ocrx_word' id='word_1_168' title='bbox 376 4049 555 4157; x_wconf 73' lang='lat' dir='ltr'>sequens3</span> <span class='ocrx_word' id='word_1_169' title='bbox 584 4076 748 4162; x_wconf 76' lang='lat' dir='ltr'>namque</span> <span class='ocrx_word' id='word_1_170' title='bbox 779 4047 879 4138; x_wconf 85' lang='lat' dir='ltr'>hanc</span> <span class='ocrx_word' id='word_1_171' title='bbox 912 4050 1065 4169; x_wconf 77' lang='lat' dir='ltr'>dederat</span> <span class='ocrx_word' id='word_1_172' title='bbox 1097 4052 1316 4174; x_wconf 62' lang='lat' dir='ltr'>Rroserpina</span> 
     </span>
     <span class='ocr_line' id='line_1_28' title="bbox 305 4187 611 4310; baseline -0.007 -37"><span class='ocrx_word' id='word_1_173' title='bbox 305 4187 428 4299; x_wconf 85' lang='lat' dir='ltr'>legem</span> <span class='ocrx_word' id='word_1_174' title='bbox 442 4221 455 4277; x_wconf 76' lang='lat' dir='ltr'><em>z</em></span> <span class='ocrx_word' id='word_1_175' title='bbox 479 4265 484 4271; x_wconf 83' lang='lat'><strong>.</strong></span> <span class='ocrx_word' id='word_1_176' title='bbox 518 4279 520 4283; x_wconf 7' lang='grc' dir='ltr'>ἲ</span> <span class='ocrx_word' id='word_1_177' title='bbox 601 4293 611 4310; x_wconf 34' lang='lat'><strong>⁴</strong></span> 
     </span>
    </p>
   </div>
   <div class='ocr_carea' id='block_1_6' title="bbox 1203 4300 1405 4447">
    <p class='ocr_par' dir='ltr' id='par_1_9' title="bbox 1203 4300 1405 4447">
     <span class='ocr_line' id='line_1_29' title="bbox 1203 4300 1405 4447; baseline -0.069 2"><span class='ocrx_word' id='word_1_178' title='bbox 1203 4300 1405 4447; x_wconf 66' lang='grc'><strong>,0111</strong></span> 
     </span>
    </p>
   </div>
   <div class='ocr_carea' id='block_1_7' title="bbox 0 0 1474 5190">
    <p class='ocr_par' dir='ltr' id='par_1_10' title="bbox 0 0 1474 5190">
     <span class='ocr_line' id='line_1_30' title="bbox 0 0 1474 5190; baseline 0 0"><span class='ocrx_word' id='word_1_179' title='bbox 0 0 1474 5190; x_wconf 95' lang='lat' dir='ltr'> </span> 
     </span>
    </p>
   </div>
  </div>
 </body>
</html>
