2940 5190
309 376 656 476 ‘Anur'rnou
696 376 822 472 Lu.
860 376 921 479 11.
1062 406 1160 510 ⁸53

91 594 174 675 Aur
191 586 285 670 haec
299 585 339 666 in
356 583 499 665 nestros
518 581 695 664 fabricata
711 581 766 663 est
779 579 956 667 machina
971 598 1124 690 murm,

88 733 301 842 Inspethua
319 728 474 823 domos,
484 736 714 834 venturaque
727 722 883 833 desuper
898 724 982 804 urbi
996 763 1011 824 ς

88 874 170 953 Aut
180 868 312 979 aliqms
325 867 414 948 latet
427 894 541 950 error.
560 893 660 974 equo
672 891 721 946 ne
742 863 893 961 credite,
906 865 1061 953 Teucri.

88 1010 284 1122 Qicquid
302 1007 342 1088 id
363 1007 430 1103 est,
450 1008 567 1087 timeo
582 1008 738 1086 Danaos
758 1022 796 1085 et
813 1004 915 1087 dona
933 1007 1106 1094 ferentes

88 1154 150 1233 Sic
168 1152 279 1255 fatus,
301 1149 431 1229 vaiidis
445 1149 639 1257 ingentem
656 1146 795 1227 viribus
807 1145 957 1230 hastam
1091 1258 1095 1267 θ
1105 1174 1163 1263 50

82 1296 136 1376 1„
151 1293 259 1390 latus,
276 1292 391 1399 inque
406 1290 476 1371 seri
490 1316 645 1371 curvam
657 1287 905 1398 compagibus
917 1289 1049 1370 alvum

94 1434 295 1516 Contorsrt.
327 1432 426 1512 stetit
443 1431 507 1512 illa
525 1450 699 1528 tremens,
713 1449 894 1539 uteroque
904 1431 1050 1514 recusso

69 1574 289 1656 ¹Insonuere
305 1601 415 1654 cavae
427 1573 689 1681 gemitumque
703 1571 837 1652 dedere
847 1598 1037 1656 cavernae.
1161 1584 1164 1590 '
1260 1567 1266 1583 '

89 1717 153 1812 Et,
171 1715 199 1795 fi
216 1715 292 1795 sata
308 1714 438 1811 deum,
454 1715 481 1794 fi
495 1742 602 1794 mens
621 1740 697 1794 non
716 1712 964 1810 laevasuisiet,

89 1853 295 1963 Impulerat
316 1851 415 1934 ferro
432 1853 627 1962 Argolicas
639 1852 789 1934 foedare
807 1851 987 1935 latebrae:
1108 1872 1178 1965 ςς4

89 1996 280 2104 Trojaque
296 2014 398 2076 nune
412 1994 534 2092 stares,
558 1994 775 2102 Priamique
794 2018 859 2073 arx
872 1993 945 2075 alta
957 2014 1138 2077 maneres.

152 2138 268 2236 Ecce,
278 2165 410 2217 manus
419 2139 601 2245 juvenem
609 2137 747 2216 interea
753 2134 839 2246 post
848 2134 1169 2242 tergarevindtum
1306 2133 1311 2141 ’

43 2381 47 2389 ¹
87 2273 254 2355 Pastores
268 2301 408 2381 magno
426 2275 474 2353 ad
491 2301 621 2383 regem
634 2274 801 2354 clamore
817 2271 1012 2354 trahebant

90 2414 354 2497 Dardanidae:
387 2415 453 2523 qui
472 2414 507 2494 se
522 2416 698 2525 ignotum
714 2413 950 2496 venientibuu'
965 2411 1078 2513 ultro,
1110 2438 1181 2527 59·

91 2558 183 2639 Hoc
201 2554 325 2665 ipsum
344 2575 387 2635 ut
401 2541 568 2655 strueret,
582 2558 818 2666 Trojamque
835 2558 989 2666 aperiret
997 2553 1168 2655 Achivis,
1284 2568 1289 2576 ’

93 2694 314 2801 Obtulerat:
334 2693 453 2777 fidens
466 2697 596 2795 animi,
611 2713 725 2807 atque
735 2699 776 2776 in
787 2714 989 2806 utrumque
1006 2711 1169 2806 paratur,

32 2817 34 2819 ⁵
91 2837 165 2916 Seu
182 2834 320 2915 versare
337 2835 456 2934 dolos,
479 2836 541 2918 seu
555 2853 675 2917 certae
694 2837 919 2917 occumbere
938 2836 1066 2920 morti.

91 2975 272 3083 Undique
289 2972 429 3053 visendi
449 2974 572 3057 studio
588 2976 754 3085 Trojana
761 2976 937 3084 juventus

92 3114 330 3197 Circumfusa
351 3118 437 3214 ruit,
455 3136 673 3228 certantque
687 3117 843 3198 illudere
861 3132 984 3226 capto,

91 3260 237 3370 Accipe
255 3285 355 3340 nunc
366 3261 547 3340 Danaum
563 3260 722 3363 infidias,
738 3278 775 3341 et
786 3260 945 3343 crimine
952 3257 1000 3349 ab
1011 3280 1088 3340 uno
1104 3257 1166 3371 63

95 3398 207 3478 Disce
220 3425 364 3483 omnes.
931 3385 934 3393 ¹

93 3537 288 3646 Namque,
310 3555 353 3618 ut
372 3542 573 3649 conspectu
591 3539 630 3620 in
652 3540 781 3621 medio
802 3540 983 3635 turbatus,
1001 3534 1173 3636 inenniu'

92 3679 279 3777 Constitit,
292 3699 402 3792 atque
419 3684 536 3764 oculis
548 3683 713 3792 Phrygia
720 3684 870 3791 agmina
885 3678 1169 3790 circumspexit:
1302 3720 1304 3725 ·

90 3821 198 3921 Heu,
217 3850 312 3932 quae
345 3851 448 3907 nune
466 3825 589 3930 tellus,
616 3827 753 3936 inquit,
784 3853 880 3935 quae
913 3851 978 3905 me
1008 3826 1185 3931 aequora‘

279 3962 429 4074 poffunt
1093 3967 1168 4073 ¹69

91 4099 305 4214 Accipere?
321 4121 388 4185 aut
406 4106 735 4216 quidjarnmisero
748 4104 848 4189 mihi
865 4104 1027 4215 denique
1037 4102 1171 4187 restat?
1235 4187 1239 4197 ,

91 4240 420 4360 Ctuncquecpud
434 4247 587 4333 Danaos
600 4248 760 4360 usquam
776 4247 899 4333 hctus:
928 4244 1086 4352 etsuper
1103 4239 1172 4352 ipsi
1232 4236 1236 4244 ’
1348 4253 1351 4257 ’

934 4382 1172 4468 Dardanidae
