2940 5190
117 320 214 450 136
288 316 959 416 P.Vrnerr.11Manou·rs

112 522 176 607 Ac
185 522 304 633 prior:
330 519 437 620 heus,
463 521 596 629 inquit,
609 522 774 628 juvenes,
791 519 990 602 monstrate
1005 546 1186 607 meamm

112 659 266 743 Vidistis
278 662 306 741 fi
319 690 436 770 quam
447 658 510 740 hic
523 676 703 740 errantem
718 657 812 739 forte
825 658 1005 758 sororum,

112 799 350 884 Succinuam
366 800 535 912 pharetra
552 817 589 879 et
606 798 814 881 maculosae
831 800 995 908 tegmine
1012 800 1150 909 lyncis,

113 935 197 1020 Aut
215 940 417 1048 spumantis
428 936 507 1046 apri
520 935 668 1016 cursum
683 937 846 1017 clamore
859 956 1107 1046 prementem.

114 1080 177 1161 Sic
192 1080 338 1163 Venus:
369 1098 408 1160 at
420 1079 574 1159 Veneris
591 1097 718 1158 contra
735 1079 785 1159 fic
805 1077 902 1183 filius
918 1079 1043 1162 orsus:

111 1218 233 1338 Nulla
245 1239 395 1301 tuarum
413 1221 537 1323 audita
556 1217 664 1315 mihi,
687 1244 810 1325 neque
821 1217 894 1297 visa
905 1217 1074 1299 sororum
1090 1248 1112 1328 3
1122 1247 1181 1330 30

113 1356 154 1438 0
169 1361 352 1468 (quamte
365 1384 573 1438 memorem
588 1355 617 1460 i.)
640 1356 767 1463 virgo:
796 1383 959 1466 namque
989 1354 1182 1441 haud·tibi

173 1495 299 1576 vultus

115 1630 303 1734 Mortalis,
326 1660 396 1715 nec
410 1661 485 1713 vox
498 1632 696 1715 hominem
712 1632 825 1720 sonat.
849 1637 887 1715 Ο
904 1636 984 1733 dea,
1005 1652 1129 1720 certe:

117 1773 183 1854 An
196 1770 340 1855 Phoebi
352 1772 466 1873 soror,
485 1798 533 1851 an
544 1770 799 1880 nympharum
813 1773 996 1880 sanguinis
1011 1778 1118 1856 una?
1291 1790 1296 1796 ’

91 1932 94 1937 ’
117 1910 174 1995 sis
193 1908 297 2005 felix,
310 1908 553 2018 nostrumque
568 1908 664 1990 leves
678 1938 921 2018 quaecunque
940 1911 1130 1995 laborem:

116 2048 170 2131 Et
186 2078 264 2158 quo
280 2049 348 2163 sub
361 2047 468 2130 coelo
481 2050 646 2146 tandem,
673 2049 808 2156 quibus
820 2052 919 2131 orbis
930 2053 969 2132 in
979 2053 1052 2131 oris
1092 2080 1144 2162 33
1153 2082 1178 2162 ς

116 2193 323 2304 ]α8ῑεωιιτ,
348 2190 492 2272 doceas.
514 2192 630 2299 ignari
646 2189 921 2300 hominumque
935 2192 1182 2301 locorumque

116 2332 312 2443 Erramus,
331 2351 442 2413 vento
457 2329 533 2411 huc
549 2349 587 2412 et
603 2329 709 2410 vastis
727 2328 899 2411 fluuibus
913 2333 998 2414 aui.

116 2471 248 2589 Multa
263 2470 331 2553 tibi
348 2487 432 2555 ante
447 2496 526 2550 aras
543 2469 664 2549 nostra
683 2469 788 2549 cadet
800 2467 918 2550 hostia
933 2471 1072 2551 dextra.

117 2610 234 2694 Tunc
258 2610 411 2692 Venus:
440 2608 543 2693 haud
573 2600 749 2718 equidem
777 2608 840 2691 tali
865 2637 927 2690 me
954 2608 1087 2715 dignor
1106 2607 1180 2690 ho-

127 2818 132 2826 .
178 2776 298 2835 nore:

118 2886 336 2998 Virginibus
354 2891 481 2998 Tyriis
502 2917 585 2971 mos
603 2889 656 2970 est
673 2887 810 2995 gestare
829 2884 1050 2998 pharetram,
1102 2915 1183 2998 340

118 2998 385 3137 Purpureoque
402 3030 474 3137 alte
491 3029 588 3108 suras
604 3029 741 3107 vincire
760 3025 955 3108 cothurno,

118 3165 261 3247 Punica
278 3194 389 3273 regna
403 3166 516 3266 vides,
544 3165 680 3272 Tyrios
699 3183 736 3244 et
747 3166 929 3273 Agenoris
946 3164 1103 3245 urbem:

121 3301 194 3382 Sed
211 3299 302 3384 fines
321 3303 468 3411 Libyci,
500 3331 615 3410 genus
635 3303 862 3385 intractabile
881 3304 992 3384 bello.

119 3438 328 3548 Imperium
346 3440 449 3524 Dido
462 3440 579 3546 Tyria
596 3443 688 3550 regit
705 3443 796 3521 urbe
812 3441 987 3550 profedta,

119 3581 358 3689 Germanum
375 3579 532 3688 fugiens.
563 3578 673 3689 longa
691 3580 744 3661 est
757 3582 899 3688 injuria,
915 3580 1046 3688 longae
1098 3611 1152 3695 34
1158 3611 1181 3694 ς

118 3711 334 3822 Ambages:
366 3713 427 3801 sed
444 3714 592 3799 summa
608 3716 734 3825 sequar
751 3715 894 3823 fastigia
912 3742 1049 3804 rerum.

120 3851 225 3936 Huic
243 3854 381 3962 conjux
402 3853 575 3934 Sichaeus
598 3872 686 3954 erat,
717 3851 910 3933 ditiffimus
928 3854 1009 3964 agri

54 4060 58 4068 ,
119 3987 369 4089 Phoenicum,
398 4009 436 4073 et
453 4021 592 4101 magno
610 3992 761 4074 miserae
779 3991 934 4077 dilectus
952 4021 1104 4085 amore:

119 4126 195 4253 Cui
214 4145 316 4250 pater
333 4132 508 4220 istarum
527 4132 688 4232 dederat,
718 4134 918 4252 primisque
930 4138 1077 4247 jugam

952 4274 1184 4365 Ominibusz
