2940 5190
399 399 881 505 Aruernos.‚L1u.
919 397 956 490 1.
1097 336 1227 517 119!

129 603 282 701 Aeolus,
312 622 350 685 et
368 601 490 682 clauso
508 620 705 682 ventomm
724 627 867 681 carcere
884 610 1024 708 regnet.
1106 624 1157 703 14
1163 602 1194 706 ς’

131 748 191 827 Sic
209 747 270 843 ait,
300 764 337 825 et
354 745 454 823 dicto
472 743 578 822 citius
600 741 743 821 tumida
760 770 919 849 aequora
936 741 1068 849 placat,

129 883 383 992 Collectasque
402 882 507 990 fugat
525 881 655 977 nubes,
688 878 878 988 solemque
897 879 1052 962 reducit.

128 1021 344 1131 Cymotho'e‘
355 1021 464 1100 simul
476 1038 513 1100 et
530 1020 667 1099 Triton
684 1017 853 1115 adnixus,
881 1037 991 1100 acuto

127 1160 342 1240 Detrudunt
359 1184 468 1238 naves
485 1156 659 1267 scopulo:
690 1156 786 1235 levat
804 1155 879 1265 ipse
895 1152 1044 1236 tridenti
1058 1194 1071 1252 3

127 1298 179 1378 Et
194 1300 309 1381 vastas
325 1300 441 1408 aperit
458 1298 580 1405 syrtes,
608 1313 646 1375 et
663 1313 843 1405 temperat
858 1323 1010 1405 aequor,
1105 1298 1191 1407 150]

126 1439 256 1547 Atque
273 1439 361 1518 rotis
385 1437 548 1517 summas
565 1434 705 1515 levibus
725 1435 924 1545 perlabitur
940 1435 1069 1519 undas.
1187 1504 1190 1509 .

125 1579 189 1656 Ac
208 1576 320 1657 veluti
337 1603 477 1685 magno
494 1576 533 1657 in
550 1575 691 1687 populo
708 1602 799 1654 cum
813 1575 918 1685 saepe
931 1592 1057 1657 coorta
1072 1574 1142 1657 est‘
1215 1636 1218 1641 -
1340 1561 1343 1565 ⁷

127 1721 278 1815 Seditio,
307 1718 492 1828 saevitque
509 1717 641 1801 animis
661 1716 824 1825 ignobile
840 1719 973 1828 vulgus
991 1759 1005 1819 3

125 1858 287 1968 Jamque
298 1857 397 1939 faces
408 1876 447 1939 et
462 1856 547 1939 saxa
560 1855 711 1952 volant;
742 1853 845 1936 furor
859 1886 962 1939 arma
979 1855 1185 1948 ministrata

125 1999 245 2095 Tum,
277 2000 410 2109 pietate
441 1972 594 2109 gravem
627 2021 672 2074 ac
701 1997 841 2076 meritis
875 1999 903 2078 fi
933 1998 1030 2081 forte
1064 2004 1189 2087 virum

212 2166 301 2219 uem
1185 2204 1190 2210 .

125 2166 368 2381 Coiispexere‚
400 2270 516 2371 silent,
547 2270 763 2385 arrectisque
781 2275 928 2352 auribus
945 2273 1077 2357 astante
1104 2167 1187 2250 ¹55

126 2413 195 2494 Ille
214 2414 307 2521 regit
326 2411 432 2490 diuis
450 2413 605 2511 animoa
637 2431 674 2493 et
690 2415 838 2521 pectora
857 2411 1009 2511 mulcet.

126 2552 185 2631 Sic
205 2554 360 2632 condius
376 2549 497 2660 pelagi
514 2550 648 2631 cecidit
662 2551 798 2658 fragor,
817 2580 976 2660 aequora
988 2555 1187 2666 postquam

124 2690 350 2799 Prospiciens
368 2692 523 2796 genitor,
555 2688 734 2800 coeloque
751 2691 916 2773 invectus
934 2713 1073 2801 aperto,
1183 2784 1186 2791 ,

65 2890 68 2894 ι
122 2829 257 2909 Fleuit
274 2855 400 2935 equos,
419 2855 603 2937 curruque
616 2831 741 2911 volans
752 2830 815 2909 dat
825 2831 903 2910 lora
918 2828 1092 2914 secundo,
1106 2838 1185 2916 160

184 2964 325 3047 Defessa
342 2967 552 3064 Aeneadae,
581 2995 677 3076 quae
694 2968 878 3076 proxima,
910 2969 1016 3049 litora
1033 2970 1141 3050 cursu

122 3105 365 3212 Contendunt
381 3123 516 3215 petere,
547 3127 585 3188 et
601 3109 742 3216 Libyae
756 3126 945 3190 vertuntur
966 3108 1121 3195 adoras.
1215 3209 1218 3215 Ι

81 3283 83 3288 ·
121 3245 188 3325 Est
207 3246 246 3324 in
264 3244 397 3324 secessu
414 3245 528 3352 longo
545 3246 667 3327 locus:
698 3245 815 3325 insula
834 3265 988 3355 portum

121 3385 250 3465 Efficit
264 3385 412 3492 objectu
430 3383 601 3489 laterum,
631 3384 767 3493 quibus
783 3387 906 3466 omnia
923 3388 972 3466 ab
990 3386 1067 3469 alto

110 3525 329 3633 ¹Frangitur,
342 3516 456 3633 inque
464 3526 562 3606 finus
570 3526 701 3606 scindit
712 3526 783 3607 sese
792 3527 891 3608 unda
898 3528 1083 3610 reductor
1101 3531 1150 3611 16
1158 3556 1182 3637 5

121 3665 231 3744 Hinc·
246 3683 357 3772 atque
372 3664 461 3745 hinc
474 3665 594 3746 vastae
612 3692 734 3774 rupes,
765 3667 980 3775 geminique
999 3669 1186 3749 minantur

122 3805 168 3884 In
187 3802 335 3881 coelum
353 3803 516 3913 scopuli:
547 3830 713 3912 quorum
731 3803 798 3882 sub
815 3805 950 3884 vertice
970 3803 1042 3884 late

120 3944 298 4048 Aequora
317 3960 395 4021 tuta
414 3943 529 4024 filent.
561 3961 646 4023 tum
664 3942 772 4051 sylvis
788 3941 896 4022 scena
915 3942 1073 4024 coruscis

121 4079 302 4187 Desuper,
319 4070 557 4192 horrentique
571 4100 696 4163 atmm
710 4110 842 4164 nemus
855 4082 1028 4165 imminet
1040 4056 1186 4168 umbra.

119 4219 257 4303 Fronte
270 4216 338 4300 sub
348 4219 493 4302 adversa
504 4219 661 4336 scopulis
669 4222 914 4331 pendentibus
922 4241 1091 4307 antrum:
1106 4247 1185 4332 170

666 4357 707 4437 K
1085 4360 1188 4438 Intuu
1239 4412 1252 4445 ‚
