2940 5190
145 430 201 524 ·4
245 502 249 508 ,
362 384 1028 494 P.V1aorurrMa'rou1r

163 599 287 685 Mar.
319 600 375 680 At
393 627 463 685 nos
481 599 573 684 hino
585 599 648 682 alii
664 598 822 708 sitientes
839 599 978 681 ibimus
992 597 1130 681 Afros:
1177 606 1236 714 65
1259 663 1265 669 -

162 736 254 820 Pars
266 737 472 850 Scythiam,
481 761 519 823 et
530 740 707 854 rapidum
720 740 853 823 Cretae
866 741 1060 822 veniemus
1071 742 1239 839 Oaxem,

162 877 217 959 Et
235 879 382 987 penitus
400 899 481 962 toto
494 880 627 964 divisos
644 878 734 962 orbe
752 879 958 960 Britannos.
982 894 989 917 ⁸

160 1017 239 1117 En,
252 1047 423 1131 unquam
443 1023 578 1135 patrios
597 1020 711 1130 longo
726 1019 809 1130 post
823 1039 994 1130 tempore
1012 1018 1117 1118 fines,

157 1159 336 1273 Pauperis
360 1180 399 1245 et
413 1165 540 1274 tuguri
556 1160 778 1274 congestum
793 1161 928 1271 cespite
948 1160 1115 1262 culmen,
1232 1224 1236 1230 .

159 1300 252 1385 Post
264 1302 419 1413 aliquot,
438 1332 524 1386 mea
539 1332 665 1413 regna,
682 1302 811 1382 videns
828 1302 993 1384 mirabor
1006 1303 1156 1387 aristas?
1176 1330 1237 1418 70

159 1441 308 1551 Impius
318 1424 509 1524 haec‘tam
521 1443 621 1524 culta
637 1441 782 1522 novalia
798 1442 906 1522 miles
923 1439 1100 1526 habebit?
1151 1506 1155 1511 .
1230 1498 1238 1511 -

159 1582 344 1692 Barbatus
363 1582 430 1666 has
444 1586 609 1696 segetes?
640 1586 715 1680 En,
737 1610 815 1693 quo
833 1583 1012 1665 discordia
1032 1586 1132 1667 cives
1230 1642 1238 1653 ·

158 1723 346 1806 Produxit
359 1726 509 1808 miseros
526 1729 534 1809 l
567 1754 627 1825 en,
646 1725 751 1837 queis
766 1724 999 1808 consevimus
1011 1728 1140 1836 agros!
1233 1784 1238 1791 -

159 1864 284 1947 Insere
295 1894 396 1948 nunc
414 1867 607 1949 Meliboee
628 1894 752 1977 pyros,
769 1894 867 1975 pone
880 1867 1010 1947 ordine
1026 1867 1142 1949 vites:

159 2005 218 2087 Ite
232 1998 351 2106 meae,
369 2007 564 2116 quondam
581 2006 674 2091 felix
693 2009 831 2118 pecus:
863 2005 913 2086 ite
927 2004 1103 2117 capellae.
1173 2036 1201 2121 7
1207 2034 1232 2119 5

157 2147 254 2230 Non
271 2174 343 2257 ego
359 2175 425 2229 voa
445 2146 613 2261 posthac,
631 2147 740 2229 viridi
757 2148 942 2259 projeetus
958 2145 998 2228 in
1015 2164 1135 2246 antro,

156 2285 329 2370 Dumosa
353 2276 514 2397 pendere
534 2284 667 2398 procul
684 2287 732 2368 de
750 2313 844 2397 rupe
862 2285 1011 2370 videbo.

156 2407 336 2507 Carmina
356 2424 459 2507 nulla
475 2453 632 2509 canam:
664 2453 754 2524 non,
773 2452 838 2505 me
851 2425 1034 2533 pascente,
1042 2423 1219 2536 capellae,

155 2565 374 2647 Florentem
393 2565 566 2676 cytisum,
581 2583 620 2645 et
637 2565 761 2645 salices
779 2564 935 2673 carpetis
953 2593 1106 2646 amarae.

154 2706 360 2788 ‘reunia
368 2723 496 2792 tamen
503 2703 575 2786 hac
583 2732 738 2785 mecum
744 2703 880 2814 poteris
887 2704 1114 2814 requiescere
1121 2711 1235 2791 noste

149 2844 303 2928 Fronde
322 2846 430 2960 super
451 2845 571 2930 viridi.
604 2845 698 2926 Sunt
711 2843 818 2925 nobis
838 2843 946 2926 mitia
962 2872 1089 2955 poma,
1178 2849 1235 2954 81⁴
1318 2896 1321 2900 ·

41 3061 44 3070 ,
151 2987 353 3072 castaneae
370 2987 516 3085 molles,
535 3004 574 3066 et
589 2984 699 3095 pressi
717 2985 826 3094 copia
843 2983 957 3068 lastis.

149 3132 204 3215 Et
216 3132 300 3238 jam
320 3129 468 3215 summe
485 3125 616 3238 procul
633 3124 807 3208 villarum
828 3125 994 3208 culmina
1012 3127 1174 3225 sumant,

150 3269 389 3381 Majoresque
406 3268 547 3354 eadunt
560 3266 643 3350 altis
656 3268 704 3350 de
716 3267 908 3349 montibus
927 3267 1099 3350 umbrae.

362 3520 968 3649 'ucnoenrn

497 3721 859 3808 ALEXIS.

248 3971 456 4057 Ormosum
468 3970 592 4084 pastor
608 3968 788 4078 Corydon
804 3965 956 4051 ardebat
973 3967 1144 4066 Alexim,
1220 4044 1223 4050 .

273 4110 438 4198 Delicias
450 4109 597 4193 domini
611 4139 622 4191 ε
654 4134 725 4188 nec
739 4107 832 4217 quid
848 4105 1017 4218 speraret,
1031 4104 1205 4190 habebat.

146 4261 320 4345 Tantum
336 4257 432 4341 inter
450 4251 591 4352 densae
611 4249 787 4337 umbrosa
798 4249 1010 4353 eacumina,
1027 4249 1136 4359 fagos
1156 4304 1159 4317 ‚
1194 4267 1217 4293 ¹*

605 4421 607 4424 ‘
1064 4387 1223 4475 Affidue
