2940 5190
323 352 684 444 Aenianes.
729 343 866 441 [ιι.
899 345 986 446 ΙΙΙ.
1091 381 1201 456 201--

118 552 281 665 Junonis
297 579 453 664 magnae
466 549 635 661 primum
648 575 758 661 prece
773 576 917 632 numen
930 551 1071 635 adora:
1201 628 1207 638 ,

117 695 260 804 Junoni
279 723 369 777 cane
390 709 475 775 vota
491 690 623 790 libens,
642 689 915 799 dominamque
932 711 1130 801 potentem

119 835 358 948 Supplicibus
376 835 507 945 supera
522 831 642 913 donis.
673 832 723 914 fic
745 831 908 942 denique
925 834 1043 917 vietor

120 977 320 1058 Trinacria
338 975 430 1056 fines
452 972 565 1054 Italos
582 971 730 1055 mittere
749 971 888 1055 relicta.
1102 1001 1210 1087 440·

119 1118 213 1202 Huc
227 1118 300 1233 ubi
312 1116 454 1198 delatus
471 1116 683 1195 Cumaeam
699 1114 885 1196 acoefferis
903 1116 1053 1216 urbem,

120 1257 352 1368 Divinosque
372 1255 487 1353 lacus,
509 1272 547 1336 et
558 1257 708 1336 Averna
722 1254 887 1336 sonantia
906 1255 1028 1365 sylvis,

121 1398 293 1478 Insanam
313 1413 436 1477 vatem
450 1394 600 1504 aspicies
617 1434 631 1492 3
655 1422 750 1504 quae
768 1423 861 1507 rupe
880 1395 948 1476 sub
966 1397 1047 1478 ima

122 1539 216 1619 Fata
233 1538 345 1637 canit,
364 1535 536 1643 foliisque
549 1552 654 1615 notas
664 1553 702 1616 et
719 1537 875 1618 nomina
892 1536 1059 1621 mandat.
1191 1566 1195 1571 ·

123 1680 383 1786 Qaeeunque
397 1677 436 1756 in
453 1674 554 1756 foliis
571 1673 758 1786 descripfit
774 1676 940 1756 carmin
954 1675 1073 1785 virgo,
1106 1701 1163 1783 44
1169 1694 1194 1788 ς

124 1816 274 1926 Digerit
286 1819 325 1896 in
343 1842 559 1910 numerum,
580 1830 692 1924 atque
708 1831 815 1897 antro
831 1816 966 1897 seclusa
983 1815 1181 1925 relinquit:

125 1953 197 2037 Illa
214 1974 369 2038 manent
382 1957 542 2036 immota
560 1953 664 2054 locis,
686 1983 808 2064 neque
819 1956 867 2036 ab
885 1956 1014 2037 ordine
1031 1955 1200 2038 cedunt*

125 2094 273 2176 Verum
288 2096 435 2192 eadem,
454 2094 557 2173 verso
570 2092 691 2173 tenuis
704 2121 797 2174 cum
808 2094 958 2173 cardine
976 2111 1107 2176 ventus

130 2234 301 2343 impulit,
320 2251 357 2314 et
375 2253 515 2313 teneras
532 2231 695 2312 turbavit
712 2233 829 2340 janua
845 2229 1009 2330 frondes,

130 2373 345 2481 Nunquam
361 2368 495 2451 deinde
507 2395 599 2450 cavo
610 2367 799 2449 volitantia
808 2351 986 2479 prendere
996 2368 1096 2470 saxo,
1113 2396 1140 2481 4
1146 2396 1203 2486 50

129 2514 216 2594 Nec
236 2536 405 2592 revocare
421 2506 518 2606 litus,
534 2526 597 2587 aut
608 2508 765 2616 jungere
782 2508 948 2589 carmina
965 2527 1083 2595 curat.

131 2645 335 2734 inconsulti
357 2648 507 2747 abeunt,
522 2647 723 2755 sedemque
741 2647 852 2728 odere
869 2647 1042 2758 Sibyllae.
1211 2744 1214 2749 ¹

132 2793 211 2872 Hic
229 2791 297 2870 tibi
315 2817 361 2868 ne
379 2815 454 2897 qua
469 2816 597 2869 morae
616 2788 755 2869 fuerint
774 2789 962 2896 dispendia
979 2789 1091 2871 tanti:

132 2931 316 3042 Qamvis
334 2929 553 3039 increpitent
564 2928 665 3026 socii,
684 2947 721 3009 et
734 2928 772 3008 vi
785 2928 910 3011 cussus
923 2927 1099 3011 inultum

132 3071 229 3153 Vela
247 3088 367 3169 vocet,
387 3069 570 3178 poffisque
587 3068 685 3151 sinus
699 3068 856 3179 implere
879 3068 1082 3154 secundos:
1114 3097 1143 3178 4
1148 3095 1173 3183 5
1178 3090 1203 3183 ς

133 3212 241 3317 Quin
259 3212 367 3292 adeas
384 3227 508 3290 vatem
522 3209 766 3318 precibusque
781 3210 929 3291 oracula
940 3211 1067 3320 poscas

135 3350 218 3461 Ipsa
234 3367 353 3447 canat,
371 3376 581 3457 vocemque
598 3347 725 3429 volens
742 3366 853 3456 atque
867 3377 932 3431 ora
948 3337 1114 3435 resolvat.
1211 3450 1214 3457 Ι

134 3491 204 3574 llla
228 3493 297 3573 tibi
315 3492 441 3574 Italiae
462 3490 634 3606 populos,
652 3509 879 3600 venturaque
895 3491 1006 3590 bella,

134 3632 186 3714 Et
213 3660 291 3739 quo
327 3659 518 3740 quemque
555 3629 674 3715 modo
703 3630 897 3742 fugiasque
936 3629 1104 3742 ferasque
1151 3627 1209 3712 la·

324 3771 470 3868 borem,

138 3906 350 4016 Expediet;
381 3908 579 4019 cursusque
606 3908 710 3990 dabit
726 3924 897 3990 venerata
914 3908 1107 3994 secundos.
1120 3911 1210 4020 460

138 4045 246 4130 Haec
263 4042 347 4126 sunt
364 4075 461 4156 quae
474 4048 600 4130 nostra
615 4049 724 4133 liceat
740 4066 778 4130 te
795 4075 888 4130 voce
904 4050 1063 4135 moneri.

138 4183 247 4275 vade
259 4209 340 4297 age,
362 4201 401 4270 et
417 4186 609 4301 ingentem
622 4186 730 4274 saliis
748 4183 805 4273 fer
819 4189 867 4275 ad
879 4187 1027 4277 aethera
1035 4189 1212 4300 ¹Trojam.

1105 4330 1215 4428 Quae
