2940 5190
22 340 25 347 ¹
204 378 304 455 ποι
391 334 1084 448 lavnennrnrrorn‘-

198 556 310 657 Quae
334 549 1171 664 postquamvateeficoreeffatmamicoest,
1295 632 1300 639 .

196 699 313 785 Doara
328 694 479 796 dehinc,
497 722 591 778 auro
606 694 731 804 gravia
748 694 922 807 sectoque
937 694 1153 809 elephanto,
1298 774 1301 779 .

11 874 19 883 ·
184 838 366 950 'imperat
384 838 433 919 ad
449 863 561 920 naves
576 834 678 933 ferri,
695 833 880 947 stipatque
898 838 1033 922 catinia
1182 844 1282 959 465

196 979 338 1091 ingens
353 997 564 1088 argentum,
584 975 885 1088 Dodonaeosque
902 977 1054 1078 lebetas,

35 1200 39 1205 .
195 1117 375 1203 Loricam
386 1118 592 1201 consertam
608 1114 746 1219 hund,
760 1145 927 1230 auroque
942 1119 1119 1222 tn'lieem,
1164 1164 1169 1175 ·

195 1259 412 1345 Et-conum
432 1261 581 1369 infignis
598 1259 737 1370 galeae,
758 1260 959 1373 cristasque
977 1278 1181 1362 comantes,

197 1403 322 1485 Arma
342 1400 600 1512 Neoptolemi.
632 1399 717 1481 sunt
733 1417 771 1483 et
787 1400 851 1483 sua
867 1402 967 1484 dona
983 1403 1137 1513 parenti.

197 1542 321 1628 Addit
338 1567 466 1651 equos,
489 1541 666 1651 additque
686 1542 812 1625 duces.
970 1517 974 1529 .
1181 1567 1279 1655 470

198 1682 426 1792 Remigium
445 1682 614 1792 supplet:
646 1681 763 1763 socios
781 1681 893 1763 simul
924 1681 1072 1766 instruit
1086 1683 1214 1766 armis.

198 1819 347 1903 Interea
363 1821 515 1902 classem
531 1819 621 1900 velis
646 1819 935 1929 aptarejubebat
1123 1846 1125 1851 ·

195 1955 392 2056 Anchises,
413 1957 518 2040 fieret
533 1976 645 2040 vento
658 1987 766 2039 mora
781 1987 830 2041 ne
847 1989 922 2070 qua
939 1959 1084 2046 ferenti.

53 2204 56 2209 ἢ
190 2097 323 2196 Quem
342 2096 487 2180 Phoebi
501 2099 678 2210 interpres
699 2098 823 2181 multo
837 2101 1040 2212 compellat
1057 2099 1226 2185 honore:

194 2237 386 2350 Conjugio
400 2239 565 2324 Anchisa
579 2241 736 2323 Veneris
749 2239 898 2352 dignate
918 2240 1088 2354 superbo,
1111 2253 1126 2282 “·
1181 2268 1241 2356 47
1247 2272 1274 2357 ς

196 2378 301 2463 Qua
318 2381 446 2477 deum,
465 2379 522 2462 bia
540 2381 752 2490 Pergameis
770 2399 895 2492 erepte
915 2383 1042 2480 ruinis,

196 2518 301 2602 Ecce
321 2520 389 2600 tibi
404 2520 590 2603 Ausoniae
601 2521 733 2602 tellus:
760 2519 858 2603 hanc
875 2523 994 2634 arripe
1014 2522 1116 2605 velis.

196 2658 251 2742 Et
267 2674 393 2739 tamen
407 2657 506 2740 hanc
523 2657 656 2768 pelago
673 2659 936 2768 praeterlabare
953 2659 1094 2742 neceffe
1110 2660 1177 2745 est.

197 2801 388 2885 Ausoniae
405 2829 487 2914 pars
501 2800 564 2883 illa
581 2800 726 2913 procul,
745 2830 862 2912 quam
879 2800 1009 2914 pandit
1022 2800 1177 2914 Apollo.

197 2944 321 3045 Vade,
347 2946 410 3042 ait,
440 2973 465 3025 0
486 2945 581 3027 felix
601 2946 678 3028 nati
694 2945 842 3061 pietate.
870 2946 962 3054 quid
982 2945 1079 3028 ultra
1185 2948 1274 3055 480

197 3081 400 3181 Provehor,
418 3093 457 3164 e't
469 3082 584 3164 fando
600 3084 788 3193 surgentes
806 3083 981 3164 demoror
995 3084 1165 3167 austros?

196 3224 285 3305 Nec
302 3224 429 3303 minus
440 3220 721 3323 Andromache,
737 3220 896 3330 digressu
909 3222 1051 3304 moesta
1062 3222 1251 3332 supremo,

197 3366 287 3448 Fert
306 3365 504 3476 pitturatas
526 3366 606 3446 auri
624 3364 832 3445 subtemine
850 3364 977 3461 vestes,
1150 3468 1153 3476 Ι

196 3505 249 3588 Et
266 3505 471 3617 Phrygiam
500 3503 662 3586 Ascanio
694 3500 951 3611 chlamydem,
977 3530 1046 3584 nec
1072 3499 1172 3584 cedit
1193 3498 1270 3585 ho-

380 3672 475 3742 nort,

194 3788 482 3899 Textilibusque
502 3804 629 3870 onerat
645 3783 764 3885 donis,
780 3813 823 3867 ac
839 3783 925 3868 talia
943 3782 1065 3869 fatur:
1177 3784 1235 3892 48
1242 3815 1274 3900 5

195 3929 341 4040 Accipe
374 3946 413 4009 et
447 3926 552 4026 haee,
583 3955 770 4010 manuum
787 3922 865 4009 tibi
890 3952 987 4036 quae
1021 3939 1269 4012 monumenta

378 4095 553 4148 mearum

197 4206 288 4309 Sint,
314 4234 421 4322 puer,
451 4225 489 4287 et
521 4206 681 4320 longum
696 4205 986 4294 Andromachae
1020 4207 1200 4292 testentur
1220 4206 1270 4286 'aa

380 4374 543 4452 morem,
1087 4342 1268 4455 Conjugis
