2940 5190
294 312 362 442 76
482 302 837 401 P.·Vrnoru1r
871 303 1148 404 Musones

291 507 429 607 Flexit,
448 521 488 590 et
501 504 635 588 infidos
651 505 791 615 agitans
808 507 989 590 discordia
999 506 1159 606 'statem

289 650 376 732 Aut
386 650 577 759 conjurato
588 645 810 729 descendens
824 650 951 729 Dacus
964 649 1012 730 ab
1030 625 1147 734 uuo:

291 787 388 871 Non
405 816 462 870 res
476 764 684 884 Romanae,
704 787 937 898 perituraque
951 760 1089 898 regna:
1120 818 1242 902 neque
1255 791 1332 893 ille,

288 923 377 1009 'Aut
390 927 511 1010 doluit
522 925 695 1009 miserans
711 927 878 1039 inopem,
900 946 965 1009 aut
984 929 1116 1011 invidit
1133 905 1296 1016 habenti.

292 1069 404 1175 Qus
420 1067 515 1149 rasni
536 1066 691 1166 fruetus,
711 1095 806 1177 quos
825 1066 901 1176 ipsa
919 1067 1080 1149 volentia
1093 1097 1179 1151 rura
1272 1102 1358 1184 500

293 1206 433 1320 Sponte
451 1204 568 1287 tulere
586 1205 663 1303 sua,
686 1205 839 1317 carpfit:
871 1232 942 1285 nec
958 1204 1185 1317 ferreajura‚
1257 1241 1262 1249 ·

291 1345 545 1457 insanumque
557 1347 697 1443 forum,
716 1363 779 1426 aut
793 1345 925 1457 populi
942 1346 1119 1430 tabularia
1135 1350 1240 1435 vidit.

293 1486 499 1607 sollicitant
514 1483 577 1565 alii
593 1485 705 1565 remis
731 1483 824 1567 freta
839 1513 960 1585 caeca,
974 1507 1163 1600 ruuntque

293 1624 343 1706 in
359 1621 515 1721 ferrum,
534 1639 728 1732 penetrant
746 1621 846 1703 aulas
864 1639 902 1702 et
917 1622 1049 1708 limina
1071 1653 1229 1735 regum:

295 1760 376 1846 Hic
389 1762 481 1872 petit
497 1760 650 1842 excidiis
664 1760 811 1858 urbem,
828 1760 1050 1870 miserosque
1062 1766 1229 1864 Penates,
1277 1795 1329 1876 50
1337 1783 1360 1876 ς

295 1902 358 1983 Ut
363 1927 519 2012 gemma
530 1900 645 1997 bibat,
658 1888 698 1980 et
709 1900 863 1983 Sarrano
876 1898 1077 1982 indormiat
1093 1903 1211 1986 ostro:

294 2039 437 2129 Condit
454 2067 544 2152 opes
556 2038 660 2138 alius,
673 2028 890 2149 defossoque
905 2038 1058 2120 incubat
1079 2068 1182 2124 auro.

295 2180 376 2263 Hic
394 2179 516 2290 stupet
527 2181 702 2263 attonitus
716 2180 865 2265 rostris:
896 2176 1003 2290 hunc
1020 2181 1166 2293 plausus
1182 2181 1350 2265 hiantem

294 2318 368 2400 Per
379 2312 517 2401 cuneos
531 2320 756 2429 (geminatus
770 2316 893 2425 enim)
913 2317 1103 2430 plebisque
1116 2339 1339 2433 patrumque

294 2456 514 2566 Corripuit:
546 2455 707 2564 gaudent
724 2457 859 2566 perfusi
877 2456 1051 2564 sanguine
1069 2459 1242 2560 fratrum,
1277 2491 1362 2573 5¹0

297 2593 500 2704 Exilioque
517 2588 707 2676 domos'et
724 2593 850 2675 dulcia
861 2593 998 2675 iimina
1011 2583 1170 2694 mutant,

298 2736 429 2846 Atque
446 2734 521 2816 alio
538 2734 696 2844 patriam
713 2750 895 2843 quaerunt
913 2732 980 2813 sub
994 2733 1067 2816 sole
1076 2736 1275 2844 jacentem.

298 2873 477 2986 Agricola
495 2875 650 2956 incurvo
667 2892 802 2957 terram
819 2873 979 2956 dimovit
996 2894 1135 2959 aratro:

266 3011 270 3020 ’
297 3014 406 3096 Hinc
423 3015 510 3095 anni
532 3007 661 3110 labor,
693 3012 783 3094 hinc
800 3001 958 3122 patriam
973 3015 1174 3123 parvosque
1192 3032 1341 3122 nepotes

299 3155 483 3251 Sustinet,
502 3150 591 3232 hinc
605 3171 770 3232 armenta
786 3142 918 3252 boum,
941 3154 1163 3261 meritosque
1174 3155 1366 3262 juvencos.

298 3292 385 3373 Nec
403 3282 566 3400 requies,
578 3292 683 3399 quin,
702 3308 766 3370 aut
782 3291 905 3400 pomis
926 3276 1102 3371 exuberet
1115 3275 1245 3390 annus,
1282 3301 1365 3402 5¹⁶

298 3432 382 3524 Aut
391 3431 496 3522 foetu
505 3456 707 3540 pecorum,
719 3447 784 3510 aut
802 3429 951 3510 cerealis
969 3430 1126 3536 mergite
1144 3428 1276 3527 culmi,
1363 3465 1365 3470 ’

298 3572 561 3681 Proventuque
578 3558 706 3651 oneret
725 3560 856 3667 sulcos,
874 3587 986 3678 atque
1001 3566 1133 3649 horrea
1150 3568 1286 3651 vincat.

299 3711 416 3793 Venit
432 3707 568 3821 hyems
583 3750 597 3810 3
621 3709 750 3792 teritur
768 3697 940 3821 Sicyonia
952 3710 1067 3789 bacca
1084 3708 1256 3818 trapetis:

297 3849 449 3930 Glande
461 3850 542 3935 sues
552 3847 638 3930 laeti
655 3849 828 3932 redeunt:
858 3850 948 3930 dant
959 3850 1088 3928 arbuta
1100 3848 1247 3956 sylvae:
1283 3873 1368 3956 5²0

156 3997 157 4001 ‘
299 3988 354 4077 Et
371 3989 490 4069 varios
503 3987 614 4099 ponit
630 3987 752 4070 foetus
763 4005 988 4070 autumnus:
1020 4002 1058 4069 et
1069 3986 1142 4068 alte

300 4126 410 4219 Mitis
421 4126 462 4209 in
477 4126 608 4234 apricis
624 4126 796 4247 coquitur
814 4125 1001 4211 vindemia
1020 4115 1126 4242 sauia⁴

1226 4266 1368 4350 Interea
