2940 5190
396 398 753 495 Bucoerca.
791 332 1053 495 sicmvl.
1198 429 1261 525 19

250 684 253 689 ’
422 717 863 837 Ecnooa
936 742 1019 837 VI.

516 913 926 1000 SILENUS.

326 1157 403 1239 'ma
421 1157 611 1267 Syracosio
629 1157 777 1267 dignata
797 1157 851 1240 est
863 1157 991 1240 ludere
1007 1157 1113 1241 versu

315 1298 467 1397 Nostra,
486 1327 557 1381 nec
577 1298 725 1380 erubuit
742 1299 858 1408 sylvas
877 1297 1055 1397 habitare,
1071 1297 1221 1384 Thalia.
1379 1396 1382 1402 .

193 1439 299 1519 Cum
312 1466 486 1525 canerem
502 1457 661 1549 regeret
677 1438 825 1548 praelia
845 1416 1178 1547 Cynthiueaurem

192 1574 324 1673 Vellit,
345 1595 382 1658 et
393 1578 610 1661 admonuit:
639 1577 842 1679 Pastorem,
863 1577 1008 1687 Tityre,
1025 1581 1182 1689 pingues
1419 1680 1422 1686 Ι

192 1714 345 1798 Pascere
362 1716 511 1827 oportet
521 1732 630 1820 oves,
652 1717 860 1803 deductum
876 1718 998 1799 dicere
1019 1746 1182 1805 carmen.
1235 1743 1260 1826 ς

195 1853 314 1939 Nunc
338 1884 411 1966 ego
429 1835 639 1968 (namque
653 1857 761 1970 super
792 1857 861 1939 tibi
889 1875 1010 1958 emnt,
1042 1860 1109 1971 qui
1140 1857 1263 1940 dicere

379 1995 518 2098 laudes,¹

197 2130 309 2230 Vare,
328 2149 409 2215 tuas
422 2136 588 2243 cupiant,
606 2152 644 2214 et
661 2133 775 2213 tristia
788 2131 947 2212 condere
964 2129 1080 2234 bella)
1143 2146 1146 2151 ’

195 2269 395 2377 Agrestem
413 2273 517 2352 tenui
530 2271 740 2351 meditabor
756 2268 935 2349 arundine
949 2266 1114 2350 Musam.

195 2408 291 2486 Non
303 2407 432 2515 injussa
444 2435 559 2490 cano:
568 2409 605 2497 si
622 2407 706 2517 quis
717 2425 844 2487 tamen
858 2403 952 2487 haec
970 2431 1135 2514 quoque,
1148 2403 1266 2515 fiquis

193 2547 335 2655 Captus
353 2570 481 2631 amore
494 2547 592 2657 leget
602 2587 616 2645 3
638 2563 675 2627 te
692 2545 849 2648 nostrae,
866 2545 976 2646 Vare,
993 2542 1170 2655 myricae,
1210 2576 1262 2632 10
1379 2601 1381 2605 ν

193 2686 400 2769 Tenemus
415 2716 531 2772 omne
549 2702 656 2806 canet
671 2704 771 2767 r'nec
790 2683 947 2783 Rhoebo
957 2686 1098 2796 gratior
1108 2685 1185 2769 ulla
1196 2686 1264 2785 est,

194 2827 407 2929 Qamfibi
425 2855 521 2937 quae
538 2824 629 2908 Vari
646 2823 1025 2936 praescriplitpagirra
1033 2847 1195 2923 nomen

196 2963 356 3073 Pergite,
372 2965 546 3056 Pierides.
577 2961 755 3046 Chromis
772 2980 809 3043 et
826 2958 1010 3045 Mnafilus
1029 2962 1070 3043 in
1081 2982 1188 3058 antro
1218 2950 1221 2957 ¹

199 3103 368 3189 Silenum
385 3106 491 3214 pueri
509 3102 641 3186 somno
655 3105 776 3185 videre
790 3103 992 3210 jacentem,
1130 3082 1133 3087 ⁸

195 3241 378 3323 Inflatum
397 3241 569 3325 hesterno
584 3270 706 3340 venas,
721 3259 767 3322 ut
783 3218 951 3349 semper,‘-
960 3238 1112 3339 laccho·
1211 3268 1265 3355 ις

200 3380 302 3461 Serta
318 3381 450 3490 procul
470 3399 617 3467 tantum
637 3381 750 3491 capiti
764 3378 908 3492 delapsa
920 3380 1113 3488 jacebant:
1249 3474 1252 3479 4

198 3519 250 3598 Et
267 3520 387 3628 gravis
410 3523 532 3603 attrita
550 3521 735 3631 pendebat
753 3518 954 3601 cantharus
975 3494 1072 3617 ansa.
1101 3544 1104 3549 ·

199 3655 370 3765 Aggrelii
391 3664 499 3770 (narn
519 3661 623 3771 saepe
638 3662 748 3753 senex
764 3661 827 3770 spe
840 3660 1014 3771 carminis
1032 3657 1148 3757 ambo
1227 3703 1231 3710 ·

201 3795 373 3900 Luserat)
397 3799 566 3907 injiciunt
579 3799 664 3910 ipsis
678 3828 725 3881 ex
738 3798 1016 3893 vinculasertis,

203 3934 322 4013 Addit
342 3935 377 4014 se
394 3937 545 4037 sociam,
565 3940 778 4048 timidisque
795 3937 1003 4046 supervenit
1024 3933 1143 4044 Aegle
1155 3963 1186 4063 ³:
1217 3958 1270 4039 ao
1427 3979 1430 3983 ·
1460 4033 1467 4043 ⁸

203 4071 325 4178 Aegle
340 4075 538 4159 Naiadum
558 4077 810 4188 pulcherrima
826 4107 836 4157 r
861 4077 1017 4203 jamque
1033 4072 1180 4157 videnti*

202 4211 418 4320 Sanguineis
430 4215 594 4300 frontem
614 4219 728 4299 moris
741 4235 779 4296 et
796 4234 966 4326 tempora
978 4212 1109 4322 pingit.
1163 4297 1167 4313 ⁶

711 4356 745 4433 C
779 4380 801 4438 2
1209 4341 1277 4425 lile
