2940 5190
388 397 998 500 '1Bucon1''er';·Ecn.'I.
1057 398 1065 413 '
1244 428 1275 522 3

195 610 270 696 Cui
280 607 443 722 pendere
461 607 525 690 sua
543 605 715 726 patereris
734 606 774 687 in
790 578 921 687 arbore
939 630 1066 714 ponta.

194 751 352 862 Tityrus
364 747 455 830 hinc
471 747 608 833 aberat.
639 746 737 856 ipsae
756 765 807 843 te,
825 746 973 854 Tityre,
991 744 1113 854 pinus,

193 895 270 1006 lpfi
289 912 326 977 te
346 893 479 990 fontes,
502 892 578 1002 ipsa
592 889 687 972 haec
701 889 862 992 arbusta,
885 889 1078 971 vocabant.
1099 915 1104 922 ·
1208 910 1269 991 40

193 1031 418 1138 Tt'rQid
429 1031 622 1113 facerem?
642 1056 767 1140 neque
777 1028 921 1110 servitio
933 1057 998 1134 me
1010 1027 1111 1110 exire
1121 1024 1270 1109 licebat,

193 1171 282 1253 Nec
295 1188 376 1253 tarn
393 1167 709 1280 praesentesalibi
729 1167 952 1278 cognoscere
970 1167 1107 1248 divos:
1138 1199 1158 1240 ·.
1206 1278 1209 1285 A
1265 1232 1268 1236 .

194 1312 275 1394 Hic
292 1311 403 1393 illum
421 1311 501 1393 vidi
512 1313 702 1419 juvenem,
715 1309 919 1409 Meliboee,
936 1305 1134 1420 quotannis

195 1451 261 1532 Bis
280 1451 385 1532 senos
402 1451 466 1532 cui
483 1450 605 1532 nostra
618 1450 696 1531 dies
707 1450 833 1532 altaria
842 1448 1002 1535 firmant.
1258 1508 1270 1515 ··

197 1592 279 1672 Hic
297 1589 394 1672 mihi
408 1591 621 1702 responsum
639 1592 782 1703 primus
797 1592 899 1674 dedit
911 1586 974 1674 ille
991 1588 1153 1704 petenti:
1206 1611 1235 1692 4
1241 1611 1266 1697 ς

196 1728 350 1830 Pascite,
365 1747 407 1817 ut
424 1749 521 1830 ante,
535 1731 661 1830 boves,
677 1734 804 1844 pueri:
834 1733 1038 1837 submittite
1053 1751 1189 1814 tauros.

197 1871 320 1954 Meu.
349 1873 552 1957 Fortunate
572 1875 704 1959 senex!
742 1902 833 1984 ergo
851 1894 915 1958 tua
932 1905 1017 1959 rura
1036 1874 1242 1958 manebunt
1255 1898 1290 1951 t·
1392 1951 1394 1955 ,

197 2015 249 2105 Et
261 2015 482 2125 tibimagna
498 2016 581 2098 satis
598 2010 615 2098 ἕ
643 2017 814 2125 quamvis
831 2016 924 2127 lapis
937 2019 1067 2100 omnia
1084 2017 1220 2113 nudus,

197 2155 428 2263 Limosoque
447 2157 554 2266 palus
570 2157 735 2240 obducat
751 2157 884 2267 poscua
902 2161 1044 2268 junco:
1151 2189 1154 2195 ·

198 2297 296 2379 Non
313 2296 453 2376 insueta
469 2324 598 2404 graves
616 2297 812 2376 tentabunt
829 2299 965 2406 pabula
980 2300 1122 2384 foetas:
1215 2325 1275 2410 50
1436 2403 1439 2408 Ι

198 2435 289 2518 Nec
303 2434 405 2515 mala
424 2436 537 2516 vicini
560 2436 705 2548 pecoris
716 2438 893 2546 contagia
909 2436 1067 2522 laedent.

199 2576 403 2656 Fortunate
420 2575 554 2660 senex!
585 2575 652 2659 hic
668 2577 765 2659 inter
782 2575 940 2661 flumina
956 2598 1058 2680 nota,

201 2717 252 2797 Et
269 2716 390 2798 fontes
409 2716 540 2819 sacros,
559 2717 677 2829 frigus
689 2720 853 2829 captabis
865 2747 1040 2830 opacum.
1067 2759 1070 2764 ·

203 2858 310 2943 Hinc
324 2858 406 2955 tibi,
419 2887 515 2968 quae
532 2859 677 2972 semper
695 2861 820 2940 vicino
832 2861 881 2940 ab
892 2861 1013 2943 limite
1029 2861 1130 2970 sepes
1269 2908 1276 2919 -

204 2994 389 3106 Hyblaeis
403 3001 536 3109 apibus
549 3000 683 3082 florem
703 2999 852 3111 depasta
868 2999 996 3099 salicti,
1220 3027 1244 3114 5
1250 3026 1275 3114 ς

206 3141 321 3250 Saepe
335 3138 408 3222 levi
424 3140 600 3224 somnum
617 3142 782 3224 suadebit
798 3143 889 3224 inire
909 3143 1063 3226 susurro.

206 3280 313 3361 Hinc
324 3279 399 3361 alta
416 3280 484 3364 sub
498 3311 590 3394 rupe
603 3302 710 3365 canet
719 3282 910 3364 frondator
927 3285 976 3366 ad
991 3314 1107 3368 aurae.
1247 3334 1249 3339 ,

206 3423 294 3504 Nec
311 3439 440 3503 tamen
460 3423 597 3506 interea
614 3453 757 3523 raucae,
777 3443 842 3505 tua
860 3454 961 3526 cura,
981 3428 1187 3540 palumbes,
1270 3468 1275 3476 ·

210 3566 297 3647 Nec
318 3594 469 3679 gemere
486 3565 748 3651 aeriaceffabit
765 3560 884 3650 mour
899 3568 947 3650 ab
963 3566 1083 3653 uln'ro.

211 3705 325 3790 Τιτ.
344 3710 447 3789 Ante
465 3708 562 3792 leves
579 3738 669 3821 ergo
686 3709 877 3822 pascentur
890 3711 1087 3811 inaethere
1100 3712 1211 3807 cervi,
1224 3711 1279 3792 60

210 3848 262 3931 Et
274 3847 369 3931 freta
385 3850 585 3953 destituent
595 3854 716 3935 nudos
731 3853 771 3933 in
786 3852 892 3935 litore
903 3854 1043 3966 pisces:

217 3993 334 4092 Ante,
347 3983 538 4104 pererratis
554 3997 757 4080 ambontm
773 3981 925 4094 finibus,
943 3997 1033 4079 e'xul
1107 4007 1118 4020 ’“
1150 4012 1155 4022 ’
1178 3983 1187 3993 ’
1282 3994 1288 4005 ’

215 4132 298 4215 Aut
317 4133 469 4218 Arnim
484 4136 643 4221 Parthus
655 4139 772 4239 bibet,
780 4148 851 4221 'aut
864 4120 1253 4248 Gereoni'aTigrim,
1269 4126 1297 4281 ἀ

216 4278 350 4454 Qut
363 4281 494 4368 nostro
509 4281 609 4368 illiue
620 4283 765 4369 labetur
778 4280 1104 4509 geffo're't'ustusss'
1132 4287 1287 4498 ”’”Μὲι
1391 4326 1401 4338 ·
