2940 5190
276 368 387 487 172
484 341 536 436 Ρ.
571 334 845 435 Vinerrrr
870 340 1157 450 Manonra

280 547 377 630 Non
394 546 457 644 fic,
488 541 685 671 aggeribus
695 542 1262 658 ruptrscumspumeusamm.

279 690 397 789 Exiit,
428 660 691 821 oppositasque
699 684 811 795 evicit
827 689 974 798 gurgite
995 674 1128 798 rn'ulee,
1353 774 1362 781 .

277 831 433 915 Fertur
422 854 462 911 un
476 852 561 909 arva
577 825 704 908 furens
715 820 873 909 cunule
873 833 1126 945 ,camposque
1136 865 1360 951 perenm

279 976 387 1055 Cum
396 965 548 1053 stabulis
558 984 725 1048 armenta
735 965 860 1053 trahit.
875 969 952 1051 vidi
966 973 1043 1085 ipse
1053 975 1243 1065 fluertem
1258 1010 1356 1101 499

278 1110 1326 1240 CaedeNmptokmmgeminosquemlimineAnqda
1338 1160 1356 1215 2

256 1260 371 1343 riu
399 1255 615 1354 Hecubam,
659 1271 889 1367 anumque
904 1228 1031 1357 nuris,
1066 1252 1356 1382 'Primumque

458 1425 525 1508 per
541 1426 620 1479 aras

275 1542 461 1651 Sanguine
476 1537 705 1634 foedantem,
736 1562 834 1648 quos
847 1538 924 1649 ipe
940 1539 1150 1645 sacraverat,
1178 1549 1296 1660 ignee.

275 1680 562 1792 Quinquaginta
578 1678 635 1762 illi
645 1677 821 1779 thalami,
851 1679 931 1789 spes
948 1698 1048 1765 tanta
1066 1706 1266 1798 nepotum,

273 1823 471 1908 Barbarico
488 1820 610 1933 postes
623 1844 716 1900 auro
733 1817 930 1929 spoliisque
946 1803 1113 1932 superbi,

271 1944 521 2048 procubuere.
548 1959 824 2064 tenentnana,
855 1959 1079 2070 quiescit
1098 1967 1208 2076 rgnn.
1252 1935 1345 2092 ξι,

271 2104 440 2188 Forfitan
457 2119 507 2199 et,
537 2099 678 2183 Priami
690 2098 831 2181 fuerint
847 2122 945 2210 quae
971 2095 1061 2207 fata,
1089 2109 1267 2218 requirar.
1336 2178 1341 2185 .

270 2245 388 2328 Urbis
404 2242 471 2326 ubi
487 2257 615 2353 captae
627 2239 769 2341 casum,
800 2237 1051 2352 convulsaque
1068 2243 1161 2328 vidit
1253 2314 1256 2321 .

269 2392 425 2474 Limina
464 2390 667 2487 tectorum,
730 2398 769 2464 et
801 2383 976 2466 medium
1014 2386 1055 2469 in
1090 2394 1347 2501 penetrriibnn

452 2525 631 2623 hostem,

266 2670 390 2750 Arma
404 2665 473 2748 diu
489 2663 608 2747 senior
625 2660 773 2743 desueta
786 2661 1030 2744 trementibus
1042 2691 1135 2749 aevo
1243 2698 1342 2788 50⁹

265 2807 472 2890 Circundat
490 2786 745 2915 nequicquam
756 2796 937 2900 humeris,
967 2818 1006 2885 et
1019 2798 1308 2896 inutileferrum

263 2953 451 3060 Cingitur,
483 2976 526 3062 ac
539 2948 669 3029 densos
684 2944 800 3028 fertur
810 2944 1062 3028 moriturusm
1080 2947 1220 3042 hostes

263 3090 464 3173 Aedibus
454 3117 491 3169 ιιι
506 3054 652 3185 mediis,
681 3087 860 3196 nudoque
870 3085 938 3166 sub
956 3082 1113 3172 aetheris
1130 3106 1203 3175 aare

262 3234 397 3342 ingens
418 3258 478 3311 ara
491 3228 576 3348 fuit,
602 3230 785 3339 juxtaque
801 3227 996 3309 veterrima
1013 3226 1150 3348 laurus
1200 3223 1203 3229 Δ

259 3374 490 3455 Incumbens
506 3397 602 3468 arae,
636 3387 747 3476 atque
761 3369 896 3450 umbra
912 3353 1112 3482 complexa
1132 3373 1301 3465 Penates.

259 3512 340 3595 Hic
348 3508 511 3593 Hecuba
522 3524 672 3590 etnatae
680 3508 1069 3620 nequicquamaltaria
1077 3513 1235 3615 circum,
1241 3542 1295 3628 51,
1303 3545 1332 3632 5

259 3653 482 3766 Praecipites
499 3665 576 3732 atra
592 3677 663 3731 ceu
681 3649 897 3761 tempestate
909 3650 1123 3757 columbae,

258 3795 488 3892 Condensae,
515 3809 554 3873 et
567 3793 699 3874 divum
709 3791 904 3902 amplexae
919 3794 1126 3898 fimulacra‚
1142 3793 1329 3883 sedebant.

256 3934 388 4044 Ipsum
401 3953 530 4014 autem
547 3931 704 4043 sumptis
722 3933 916 4013 Priamum
928 3932 1165 4040 juvenalibus
1183 3936 1299 4018 armis

256 4077 313 4155 Ut
330 4074 442 4154 vidit:
474 4100 570 4181 quae
588 4101 694 4152 mens
708 4091 787 4152 tam
802 4073 892 4172 dira,
926 4073 1130 4157 miserrime
1141 4077 1294 4185 conjux,

252 4212 413 4324 Impulit
431 4208 491 4291 his
510 4210 611 4321 cingi
627 4209 734 4291 telis?
766 4228 830 4292 aut
843 4238 920 4324 quo
936 4216 1035 4300 ruisi
1066 4216 1201 4326 inquit.
1237 4244 1325 4331 5²0

1226 4356 1439 4439 Non·
