2940 5190
294 413 322 479 2
498 379 550 474 P.
583 374 1168 503 thotnnMaaoum

287 584 476 671 -Protenus
492 607 601 692 aeger
617 611 707 695 ago:
738 582 837 665 hanc
853 583 967 665 etiam
983 581 1062 685 vix,
1080 586 1228 695 Tityre,
1255 589 1367 685 duco.

288 722 372 806 Hic
403 722 499 819 inter
511 722 638 821 densas
658 725 804 834 corylos
824 725 941 809 modo
963 751 1131 845 namque
1156 729 1353 836 gemellos,

162 928 168 935 .
291 865 408 973 Spem
425 862 559 973 gregis,
573 861 646 947 ah!
679 864 777 946 srlice
794 864 835 947 in
854 854 1123 955 nudaconnix'a
1140 866 1301 977 reliquit.
1312 899 1364 982 13

290 1003 409 1114 Saepe
425 1002 572 1084 malum
585 1003 661 1088 hoc
678 1005 800 1105 nobis,
819 1005 847 1086 si
865 1033 974 1086 mens
995 1028 1073 1085 non
1090 1002 1193 1087 laeva
1210 1005 1348 1108 fuisset,

289 1141 355 1233 De
373 1141 480 1225 coelo
497 1147 611 1226 tactas
623 1144 787 1250 'memini
805 1145 1016 1255 praedicere
1029 1171 1216 1254 quercusr
1346 1139 1350 1143 ’

290 1272 408 1395 Saepe
428 1283 568 1368 sinistra
581 1313 671 1370 cava
689 1286 871 1396 praedixit
887 1287 936 1367 ab
955 1285 1040 1373 ilice
1058 1286 1202 1370 cornix.
1348 1272 1355 1279 ⁸

291 1424 367 1503 Sed
384 1442 524 1522 tamen,
543 1424 610 1506 iste
628 1427 735 1505 Deus
747 1426 813 1534 qui
826 1426 881 1523 fit,
899 1427 960 1525 da,
982 1427 1129 1535 Tityre,
1144 1426 1263 1509 nobis.

285 1563 406 1672 ¹Tra,
438 1563 600 1674 Urbem,
624 1593 743 1679 quam
760 1566 891 1662 dicunt
923 1568 1108 1665 Romam,
1134 1567 1388 1686 Moeliboee,·

476 1705 602 1815 putavi
911 1812 914 1816 Δ
961 1814 964 1819 Ι
1306 1735 1365 1789 20

290 1844 432 1925 Stultus
444 1873 528 1954 ego,
538 1843 627 1927 huic
637 1817 788 1926 'nostrae
798 1844 973 1952 similem,
991 1874 1070 1955 quo
1086 1846 1191 1955 saepe
1202 1845 1365 1929 solemus

289 1983 460 2065 Pastores
474 1985 606 2075 ovium
622 2004 766 2066 teneros
783 1983 967 2095 depellere
981 1983 1116 2067 foetus.

290 2125 353 2205 Sic
373 2124 526 2206 canibus
543 2125 684 2209 catulos
696 2125 844 2224 similes,
859 2124 909 2207 lic
926 2126 1109 2216 erunibus
1122 2122 1266 2206 hoedos

288 2267 465 2365 Noram:
492 2266 543 2347 fic
555 2266 676 2381 parvis
690 2293 919 2379 componere
936 2294 1077 2375 magna
1087 2264 1266 2359 solebam.
1351 2297 1355 2303 ·

287 2401 437 2484 Verum
449 2402 543 2498 haec
560 2422 708 2489 tantum
733 2405 822 2487 alias
838 2406 932 2487 inter
950 2424 1062 2515 caput
1082 2403 1217 2487 extulit
1227 2406 1348 2501 urbes,

288 2544 492 2661 Qantum
511 2543 608 2635 lenta
623 2546 740 2626 solent
753 2546 847 2625 inter
860 2544 1017 2645 viburna
1034 2544 1203 2654 cuprefli
1307 2549 1364 2628 26

288 2683 414 2765 Mun.
426 2686 477 2765 Et
490 2713 586 2794 quae
602 2703 702 2766 tanta
714 2685 786 2769 fuit
803 2686 973 2776 Romam
990 2681 1058 2765 tibi
1076 2683 1182 2762 eausa
1190 2684 1365 2768 videndi?

289 2824 405 2907 Trr.
433 2825 629 2909 Libertas:
660 2851 756 2936 quae
772 2823 850 2917 sera
865 2843 992 2915 tamen
1009 2822 1166 2933 respexit
1183 2822 1367 2929 inertem5

289 2963 496 3047 Candidior
514 2965 717 3077 postquam
729 2964 899 3067 tondenti
915 2962 1029 3049 barba
1046 2964 1227 3048 cadebat:

168 3089 171 3097 ,
287 3105 469 3215 Respexit
484 3122 625 3209 tamen,
643 3125 682 3205 et
696 3108 809 3215 longo
829 3105 913 3217 post
929 3125 1097 3217 tempore
1114 3106 1237 3203 venit,
1308 3133 1365 3216 30

288 3216 495 3358 Postquam
511 3276 580 3348 pos
597 3247 802 3359 Amaryllis
818 3245 943 3346 habet,
962 3247 1118 3330 Galatea
1134 3247 1295 3355 reliquit.
1411 3308 1414 3312 .

288 3391 472 3503 Namque
493 3390 654 3501 (fatebor
673 3390 796 3496 enim)
811 3391 908 3473 dum
933 3419 997 3473 me
1015 3390 1171 3473 Galatea
1188 3388 1352 3506 tenebat,

289 3534 377 3629 Nec
392 3515 472 3643 spes
486 3531 661 3615 libertatis
677 3551 767 3637 erat,
785 3560 855 3629 nec
873 3561 962 3629 cura
980 3532 1119 3643 peculi.
1378 3531 1383 3540 ’

288 3672 475 3780 Qamvis
490 3672 611 3754 multa
629 3674 723 3769 meis
741 3672 858 3774 exiret
871 3673 1022 3755 victima
1040 3671 1162 3784 septis,
1240 3763 1243 3769 ,

287 3812 442 3921 Pinguis
460 3832 499 3895 et
515 3814 679 3925 ingratae
698 3832 926 3926 premeretur
943 3814 1068 3897 caseus
1086 3812 1183 3926 urbi,
1305 3840 1327 3923 3
1336 3839 1364 3923 ς

287 3952 382 4051 Non
401 3982 585 4064 umquam
605 3956 726 4068 gravis
750 3982 833 4050 aere
853 3955 1016 4065 dominu
1028 3953 1128 4053 milri
1147 3951 1278 4033 dextra
1303 3977 1365 4034 tte

471 4095 586 4178 dibat.

286 4232 1365 4371 MaeuianaequdmetatuoaAmantium*

1285 4372 1363 4475 Cui
