2940 5190
364 353 693 448 Gronorcu.
730 348 839 448 L1r.
871 352 985 493 Ill.'
1123 380 1215 479 -97

138 559 506 667 Summaquejejuna
522 555 620 636 sanie
639 553 839 636 infuscatur
859 583 979 639 arena.

139 698 244 780 Hine
264 695 367 777 laetis
383 695 490 776 vituli
507 693 621 802 vulgo
636 693 846 772 moriuntur
864 695 904 774 iu
922 694 1060 797 herbis,

138 839 190 918 Et
207 836 332 918 dulces
345 838 488 917 animas
505 832 616 944 plena
635 832 683 914 ad
697 831 882 943 praesepia
901 834 1073 921 reddunt.
1120 865 1176 950 49
1184 867 1208 953 ς

137 976 243 1058 Hinc
254 978 413 1058 'canibus
430 973 575 1053 blandis
593 971 709 1052 rabies
726 972 839 1068 venit,
867 992 905 1053 et
918 976 1037 1082 quatit
1051 1005 1180 1086 aegros

137 1118 264 1198 Tuffis
282 1115 415 1196 anhela
432 1115 525 1209 sues,
555 1140 599 1195 ac
614 1111 785 1193 faucibus
803 1114 907 1221 angit
919 1115 1047 1204 obelis.

136 1255 306 1356 Labitur,
339 1251 470 1334 infelix
485 1250 696 1331 studiorum
713 1268 824 1359 atque
836 1251 1042 1336 immemor
1059 1255 1214 1362 herbae,

135 1374 270 1475 Victor
288 1422 420 1502 equus,
451 1393 645 1502 fontesque
660 1392 849 1492 avertitur,
877 1413 915 1474 et
931 1396 1027 1505 pede
1044 1417 1182 1486 terram
1225 1494 1228 1499 .

138 1536 282 1617 Crebro
294 1535 407 1616 ferit:
438 1533 748 1616 demifiaeaures:
780 1534 939 1617 incertus
958 1538 1101 1623 ibidem
1122 1560 1209 1656 '500
1282 1610 1284 1619 .

137 1677 271 1775 Sudor,
303 1693 340 1755 et
356 1673 420 1755 ille
437 1675 593 1783 quidem
608 1673 795 1754 morituris
811 1672 993 1784 frigidus:
1023 1699 1102 1764 aret

136 1819 262 1916 Pellis,
290 1817 390 1898 etad
407 1821 551 1897 uuum
568 1814 738 1897 tradanti
751 1813 845 1894 dura
861 1816 1002 1901 refrstit.

136 1960 246 2041 Haec
263 1944 348 2039 ante
360 1956 521 2040 exitium
535 1955 666 2067 primis
678 1955 768 2036 dant
784 1954 886 2063 figna
900 1957 1057 2044 diebus:

106 2180 112 2189 ,
138 2098 203 2178 Sin
221 2099 261 2177 iu
278 2093 445 2206 proceffu
461 2093 587 2203 coepit
605 2092 816 2175 crudescere
835 2096 1004 2198 morbus,

137 2234 641 2332 Tumveroardentesoculi,
659 2239 1092 2343 atqueattradlusabalto
1123 2275 1209 2361 505

137 2381 305 2491 Spiritus,
337 2377 526 2459 interdurn
545 2377 690 2485 gemitu
709 2378 840 2485 gravis,
870 2380 1023 2491 imaque
1042 2382 1159 2497 longo

137 2521 208 2604 Ilia
225 2519 388 2630 lingultu
404 2518 586 2601 tendunt:
618 2519 648 2598 it
666 2519 910 2630 naribusjater

137 2663 304 2772 Sanguis,
334 2677 372 2742 et
386 2658 539 2743 obsessas
556 2659 681 2743 fauces
693 2662 831 2771 premit
843 2663 968 2773 aspera
981 2666 1118 2781 lingua.
1168 2695 1170 2699 ’
1306 2678 1312 2694 ’

136 2803 284 2885 Profuit
299 2801 433 2881 inserto
451 2800 576 2882 latices
596 2802 791 2883 infundere
803 2831 922 2885 cornu

136 2946 328 3024 Lenaeos:
359 2969 404 3022 ea
421 2941 495 3021 visa
507 2940 602 3020 salus
621 2917 864 3023 morientibus
881 2972 967 3029 una.
1122 2977 1213 3064 5¹0.
1335 3024 1340 3036 ,

136 3083 240 3166 Mox
256 3097 334 3161 erat
349 3077 426 3161 hoc
444 3079 568 3190 ipsum
585 3080 713 3178 exitio,
743 3081 920 3192 furiisque
937 3085 1067 3167 refecti
1221 3126 1224 3132 ·
1380 3156 1388 3165 .

138 3222 344 3321 Ardebant,
376 3220 519 3330 ipfique
536 3219 634 3318 suos,
660 3222 742 3328 jam‘
755 3240 877 3303 morte
889 3224 956 3303 sub
970 3254 1078 3335 aegra

137 3364 191 3445 Di
206 3362 361 3444 meliora
377 3362 463 3471 piis,
494 3388 732 3468 erroremque
747 3360 914 3444 hostibus
930 3364 1066 3452 illumi

26 3548 28 3553 ·
137 3501 311 3585 Discifios
326 3502 436 3583 nudis
453 3500 640 3580 laniabant
654 3501 826 3583 dentibus
842 3521 953 3589 artus.

132 3648 237 3727 Ecce
255 3663 383 3727 autem
400 3644 494 3725 duro
512 3642 661 3724 fumans
678 3644 745 3723 sub
764 3671 914 3726 vomere
931 3665 1056 3729 taurus
1121 3677 1208 3765 515
1368 3666 1372 3673 ’

136 3788 325 3884 Concidit,
355 3805 393 3866 et
409 3785 577 3866 mixtum
595 3785 734 3893 spumis
747 3787 866 3865 vomit
882 3815 947 3868 ore
959 3816 1145 3890 cruorem,

136 3927 411 4036 Extremosque
427 3927 500 4008 ciet
517 3927 688 4035 gemitus.
720 3925 749 4006 it
765 3926 875 4009 tristis
891 3950 1023 4038 arator,
1191 3901 1195 3909 .

137 4068 378 4148 Moerentem
396 4066 597 4174 abjungens
611 4065 769 4147 fraterna
782 4085 903 4150 morte
910 4073 1117 4179 juvencum
1134 4117 1147 4179 ς

133 4209 263 4332 Atque
276 4208 439 4328 operein
453 4206 580 4290 medio
593 4206 717 4287 defixa
730 4207 905 4319 relinquit
915 4230 1043 4302 aratra.
1120 4243 1209 4328 5¹9

643 4343 686 4426 H
1124 4353 1220 4437 Non
