2940 5190
278 366 344 460 24
477 337 829 432 P.V1no1srr
864 335 1147 434 Msnonrs

274 541 392 623 Nunc
406 555 444 619 te
459 544 716 620 marmoreum
743 567 811 648 pro
838 554 1007 650 tempore
1024 540 1208 625 fecimus:
1239 559 1276 623 at
1287 541 1343 644 tu',

276 680 314 760 Si
334 679 478 760 foetura
494 705 648 789 gregem
661 677 893 790 suppleverit,
912 708 1042 763 aureus
1060 683 1150 764 esto.
1286 682 1340 792 36

273 815 374 898 Con.
404 816 549 899 Nerine
566 816 735 916 Galatea,
754 814 890 925 thymo
908 815 1004 897 mihi
1026 819 1171 902 dulcior
1178 818 1343 930 Hyblae»

273 956 480 1038 Candidior
494 958 632 1066 cycnis,
650 957 787 1039 hedera
799 958 995 1040 formofior
1008 960 1115 1045 alba:
1190 1017 1192 1020 <

272 1097 377 1178 Cum
394 1099 563 1208 primum
580 1098 672 1209 posti
688 1115 854 1209 repetent
872 1101 1055 1212 praesepia
1067 1101 1174 1201 tauri,
1337 1165 1339 1169 -
1433 1133 1438 1144 ’

272 1235 406 1347 Siqua
420 1239 474 1318 tui
491 1239 700 1346 Corydonis
717 1236 831 1318 habet
850 1255 886 1317 te
905 1266 1005 1339 cura,
1024 1243 1162 1324 venito.
1280 1265 1339 1345 40

277 1378 397 1457 Tur.
417 1378 545 1456 Immo
564 1404 634 1483 ego
650 1377 795 1457 Sardois
812 1376 935 1456 videar
952 1379 1020 1460 tibi
1038 1383 1197 1462 amarior
1208 1375 1346 1472 herbis,

272 1512 475 1594 Horridlor
493 1514 609 1611 rusco,
622 1516 783 1624 projecta
799 1515 905 1594 vilior
916 1515 997 1625 alga
1010 1559 1023 1615 3
1132 1538 1135 1543 ·

276 1655 315 1734 Si
333 1651 431 1734 mihi
447 1681 525 1734 non
543 1652 636 1734 haec
649 1652 717 1734 lux
734 1671 813 1734 toto
824 1655 906 1760 jam
925 1654 1072 1764 longior
1088 1683 1187 1766 anno
1206 1653 1272 1737 est.

276 1799 335 1881 Ite
351 1796 512 1878 domum
523 1797 628 1908 pasti,
648 1797 771 1906 liquis
789 1797 922 1906 pudor,
941 1797 991 1876 ite
997 1798 1164 1904 juvenci:

277 1908 378 2018 Con:
393 1935 557 2015 Muscosi
567 1935 701 2032 fontes,
715 1953 752 2016 et
765 1936 896 2016 somno
914 1936 1066 2019 mollior
1083 1936 1210 2031 herba,
1285 1962 1312 2039 4
1319 1960 1342 2044 ς

275 2077 330 2158 Et
341 2102 437 2183 quae
454 2102 519 2156 vos
536 2082 615 2154 rara
631 2075 757 2155 viridis
770 2074 862 2182 tegit
879 2076 1030 2157 arbutus
1047 2075 1195 2170 umbra,

277 2213 484 2296 Solstitium
503 2214 629 2323 pecori
645 2212 843 2295 defendite.
869 2214 951 2320 jam
964 2215 1068 2296 venit
1079 2212 1193 2294 aestas
1239 2257 1241 2262 Α

278 2352 465 2434 Torrida:
492 2350 690 2460 jam'laeto
707 2370 856 2461 turgent
874 2353 914 2432 in
932 2353 1085 2462 palmite
1107 2378 1292 2463 gemmae.

263 2494 398 2577 Tur.
430 2490 510 2571 Hic
527 2489 647 2590 focus,
667 2509 705 2572 et
721 2492 847 2572 taedae
864 2492 1047 2602 pingues:
1075 2491 1138 2573 hic
1162 2491 1346 2601 plurimus

460 2658 582 2739 rgnrs·

143 2802 146 2806 *
281 2773 446 2880 Semper,
468 2788 506 2849 et
525 2769 662 2850 affidua
681 2768 802 2880 postes
819 2768 975 2876 fuligine
993 2768 1101 2879 nigri.
1289 2793 1345 2876 50

280 2909 359 2989 Hic
374 2927 522 2992 tantum
541 2911 677 2991 Boreae
692 2937 864 2990 curamus
878 2907 1038 3017 frigora3
1070 2914 1255 3017 quantum

221 3105 224 3113 -
282 3051 363 3128 Aut
381 3075 585 3129 numerum
606 3049 726 3155 lupus,
747 3066 811 3128 aut
827 3048 1000 3127 torrentia
1020 3045 1177 3126 fiumina
1191 3045 1298 3152 ripas.

282 3186 389 3265 Con.
420 3186 523 3264 Stant
538 3202 576 3263 et
584 3184 757 3292 juniperi,
773 3202 810 3264 et
819 3183 1006 3269 castaneae
1025 3182 1183 3264 hirsutae
1199 3209 1218 3261 :·

284 3324 399 3403 Strata
410 3324 533 3430 jacent
550 3323 682 3432 paffrm
695 3324 756 3403 sua
771 3352 940 3433 quaeque
954 3323 1020 3404 sub
1035 3321 1163 3404 arbore
1181 3347 1315 3432 poma:
1413 3371 1417 3379 ·

283 3463 425 3545 Omnia
442 3490 542 3541 nunc
564 3462 709 3543 rident:
741 3481 778 3540 at
795 3465 822 3542 fi
839 3462 1023 3543 formosus
1036 3461 1168 3542 Alexis
1290 3487 1313 3570 5
1322 3487 1345 3570 ς

282 3602 481 3682 Montibus
495 3600 552 3681 his
566 3601 683 3703 abeat,
697 3600 820 3681 videas
835 3621 871 3681 et
889 3602 1046 3682 flumina
1059 3601 1166 3683 licea.

282 3741 404 3823 Tur.
436 3743 529 3821 Aret
541 3769 652 3848 ager,
671 3741 761 3821 vitio
774 3743 934 3822 moriens
947 3741 1020 3820 fitit
1037 3740 1128 3821 ae'ris
1145 3736 1260 3819 herba
1273 3768 1293 3820 :.

283 3878 398 3960 Liber
411 3881 625 3989 pampineas
639 3879 769 3962 invidit
781 3879 938 3961 collibus
958 3869 1121 3961 umbras.

285 4016 467 4126 Phyllidis
484 4019 643 4100 adventu
657 4019 799 4100 nostrae
817 4045 950 4100 nemus
964 4045 1079 4099 omne
1089 4016 1242 4098 virebit:

287 4158 430 4270 Jupiter
444 4175 481 4237 et
501 4156 598 4240 laeto
614 4157 808 4242 descendet
824 4158 1006 4270 plurimus
1027 4158 1152 4243 imbri.
1291 4159 1349 4240 60

1239 4294 1350 4376 eor.
