2940 5190
363 399 950 511 Gemmeunmllr.
1128 402 1190 494 811

74 706 85 715 ⁸
127 605 280 722 Semper
296 610 399 692 enim
415 609 546 692 refice:
563 635 619 706 ac,
636 637 684 689 ne
701 607 923 720 postamiffa
938 605 1111 716 requiras,
1127 628 1191 718 70

124 729 322 850 Anteveni,
340 768 378 830 et
394 748 560 830 sobolem
570 765 739 828 armento
750 747 876 856 sortire
888 745 1094 854 quotannis.
1190 824 1195 832 .

126 890 214 969 Nec
231 919 308 971 non
325 906 362 970 et
374 888 498 998 pecori
511 886 565 965 est
585 887 687 966 idern
699 885 864 977 delectus,
878 885 1027 993 equino·
1183 962 1187 969 .

128 1029 195 1110 Tu
213 1031 341 1125 modo,
356 1054 449 1136 quos
468 1028 507 1107 in
523 1026 628 1135 spem
645 1025 776 1106 statues
790 1024 1006 1105 submittere
1018 1024 1152 1132 gentitss

127 1167 377 1278 Praecipuum
386 1166 468 1273 jam
483 1163 569 1243 inde
585 1191 608 1242 a
624 1163 756 1244 teneris
769 1163 945 1272 impende
962 1162 1139 1243 laborem.

127 1309 317 1390 Continuo
328 1305 470 1415 pecoris
486 1303 648 1413 'generoli
660 1301 783 1411 pullus
799 1303 840 1382 in
853 1303 947 1383 arvis
1041 1378 1047 1387 ,
1128 1328 1155 1414 7
1161 1319 1187 1411 5

127 1446 253 1526 Altius
265 1444 479 1552 ingreditur,
497 1461 534 1522 et
552 1442 681 1522 mollia
692 1468 799 1522 crura
810 1441 967 1551 reponit.

126 1586 277 1668 Primus
289 1600 326 1664 et
343 1584 396 1664 ire
413 1585 526 1679 viam,
547 1600 585 1663 et
602 1582 733 1662 fluvios
746 1599 883 1663 tentare
898 1582 1060 1663 minaces
1158 1673 1162 1689 ⁸

129 1725 268 1819 Audet,
286 1742 323 1803 et
340 1723 468 1831 ignoto
485 1721 558 1803 sese
575 1722 808 1804 committere
827 1723 931 1831 ponti
947 1754 958 1804 r

127 1863 213 1943 Nec
230 1889 342 1943 vanos
359 1860 482 1942 horret
500 1861 680 1970 strepitus.
698 1859 753 1940 illi
772 1861 886 1941 ardua
903 1861 1042 1959 cervix,

130 2005 396 2109 Argutumque
408 2018 532 2108 caput,
545 1999 664 2078 brevis
678 1997 793 2093 alvus,
802 1999 984 2108 obesaque
996 2017 1119 2109 terga:
1136 1997 1194 2104 do

128 2139 384 2248 Luxuriatque
400 2141 488 2218 toris
501 2136 711 2216 animosum
729 2138 876 2245 pectus:
896 2135 1041 2217 honesti

132 2279 316 2388 spadices,
335 2277 555 2385 glaucique;
582 2275 684 2355 color
702 2275 922 2355 deterrimus
938 2275 1042 2375 albis,
1183 2360 1189 2365 ,

131 2421 183 2499 Et
200 2416 313 2525 gilvo.
344 2435 439 2512 tum,
462 2414 577 2523 fiqua
595 2413 729 2494 sonum
747 2414 876 2525 procul
890 2443 994 2497 arma
1011 2391 1161 2518 dedere,'

133 2555 234 2637 stare
248 2554 332 2633 loco
350 2549 488 2648 nescit;
519 2551 634 2631 micat
652 2551 813 2650 auribus,
830 2570 868 2632 et
885 2555 1135 2654 tremit-artus,

84 2668 88 2677 ⁵
132 2692 421 2800 Colledlumque
435 2719 606 2801 premens
625 2690 818 2773 volvitsub
827 2696 974 2776 naribus
982 2697 1128 2804 ignem.
1141 2696 1195 2809 85

134 2832 369 2939 Densajuba,
385 2847 423 2910 et
440 2832 570 2912 dextro
582 2833 718 2939 jactata
733 2835 920 2914 recumbit
941 2836 981 2915 in
991 2863 1109 2917 armo.
1187 2866 1191 2873 ·

134 2972 190 3050 At
201 2968 343 3078 duplex
359 2969 479 3075 agitur
496 2997 562 3078 per
574 2969 723 3051 lumbos
740 2972 854 3080 spina,
871 2993 1050 3083 cavatque
1186 3004 1191 3015 ·

135 3107 345 3203 Tellurem,
360 3125 398 3187 et
415 3107 531 3188 solido
544 3110 700 3217 graviter
713 3109 816 3190 sonat
833 3111 973 3218 ungula
993 3139 1121 3194 cornu.

138 3248 243 3330 Talis
252 3246 450 3356 Amyclaei
468 3248 631 3330 domitus
644 3250 805 3331 Pollucis
823 3244 977 3332 habenis
1133 3344 1139 3349 ,

139 3386 321 3496 Cyllarus,
341 3404 391 3483 et,
409 3415 572 3495 quorum
589 3389 694 3469 Graii
713 3389 919 3471 meminere
941 3397 1082 3501 poe'tae,
1146 3416 1203 3500 90

140 3528 274 3609 Martis
292 3528 379 3634 equi
394 3527 546 3637 bijuges,
565 3548 601 3610 et
620 3531 747 3636 magni
762 3556 891 3610 currus
912 3529 1083 3611 Achillis.

140 3667 247 3747 Talis
264 3684 302 3746 et
323 3666 398 3773 ipse
412 3667 546 3773 jubam
563 3670 704 3748 cervice
722 3667 855 3748 effudit
872 3670 1009 3775 equina

143 3805 322 3913 Conjugis
336 3807 495 3890 adventu
512 3809 643 3917 pernix
662 3810 848 3908 Saturnus,
871 3828 908 3887 et
919 3807 1039 3886 altum

143 3943 274 4033 Pelion
291 3943 441 4026 hinnitu
461 3946 607 4057 fugiens
624 3947 794 4058 implevit
810 3964 931 4027 acuto.
979 3936 981 3940 Α

145 4083 265 4165 Hunc
281 4110 446 4192 quoque,
474 4088 541 4167 ubi
559 4106 624 4170 aut
643 4087 929 4205 morbogravis,
950 4102 1013 4167 aut
1025 4087 1108 4194 jam
1134 4080 1218 4195 se'g«
