2940 5190
346 333 704 424 Guonurca.
747 324 882 416 Lin·
913 320 973 416 11.
1119 354 1191 450 73

127 534 314 632 Caeditur,
335 531 538 639 incultique
556 543 702 609 exercet
723 552 811 606 cura
832 523 958 606 salicti.
1101 554 1153 633 4¹
1164 557 1188 642 5

129 681 217 784 Jum
235 676 378 755 vinctae
395 674 510 753 vites:
537 673 618 779 jam
634 669 772 749 falcem
791 665 938 747 arbusta
956 685 1159 775 reponunt:

128 821 216 924 Jam
232 818 331 897 canit
350 833 536 895 extremos
553 811 708 892 effoetus
725 804 860 889 vinitor
877 826 989 890 antes.
1014 845 1015 849 ¹

127 948 364 1031 sollicitanda
377 967 504 1029 tamen
516 945 636 1042 tellus,
655 943 848 1053 pulvisque
861 944 1091 1026 movendusz

128 1088 179 1168 Et
191 1090 275 1195 jam
291 1088 443 1168 maturis
462 1085 680 1167 metuendus
693 1085 838 1192 Jupiter
858 1085 952 1165 uvis.

129 1231 282 1327 Contra,
303 1255 380 1309 non
399 1226 475 1307 ulla
494 1227 548 1307 est
566 1226 656 1307 oleis
672 1224 834 1306 cultura:
866 1250 987 1334 neque
999 1224 1084 1308 illae
1105 1223 1193 1334 420

130 1366 357 1448 Procurvam
374 1371 571 1477 expediant
589 1365 727 1446 falcem
747 1364 949 1474 rastrosque
967 1383 1127 1471 tenaces,

132 1504 235 1582 Cum
248 1505 361 1585 semel
380 1504 574 1586 haeserunt
591 1504 697 1600 arvis,
716 1503 893 1612 aurasque
907 1504 1083 1590 tulerunt.

130 1643 214 1752 Ipsa
232 1644 313 1726 satis
330 1646 450 1743 tellus,
465 1673 555 1727 cum
566 1648 676 1727 dente
688 1644 1018 1744 recluditurunco,

55 1863 58 1869 .
133 1782 278 1863 Sufficit
294 1783 509 1884 humorem,
529 1807 566 1866 et
583 1785 747 1893 gravidas
758 1811 850 1864 cum
861 1813 1012 1866 vomere
1021 1783 1158 1894 fruges.

132 1922 222 2002 Hoc
238 1923 419 2032 pinguem
431 1942 469 2005 et
485 1925 661 2035 placitam
677 1924 760 2032 paci
774 1924 931 2004 nutritor
942 1924 1094 2007 olivamt
1108 1952 1164 2029 42
1172 1951 1197 2036 ς

133 2060 254 2138 Poma
267 2089 430 2170 quoque,
445 2081 487 2141 ut
494 2065 661 2172 primum
673 2079 821 2142 truncos
834 2061 972 2145 sensere
990 2061 1165 2166 valentes,

131 2201 185 2280 Et
197 2200 291 2280 vires
309 2198 471 2282 habuere
491 2202 583 2298 suas,
602 2202 650 2280 ad
667 2200 782 2281 fidera
801 2204 937 2311 raptim

133 2337 186 2419 Vi
204 2339 351 2446 propria
369 2340 548 2437 nituntur,
568 2339 721 2447 opisque
731 2337 833 2418 haud
854 2339 1151 2448 indiganostrae.

133 2477 221 2561 Nec
238 2477 362 2557 minus
381 2478 518 2559 interea
530 2478 632 2558 foetu
647 2504 781 2558 nemus
794 2504 907 2559 omne
924 2481 1110 2588 gravescit,

133 2616 420 2725 Sanguineisque
432 2617 570 2698 inculta
588 2617 723 2698 rubent
741 2618 876 2698 aviaria¹
894 2620 1029 2703 baccis.
1112 2644 1200 2729 430

134 2753 359 2837 Tondentur
376 2756 492 2862 cytifi,
512 2757 632 2836 taedas
650 2756 750 2862 sylva
760 2756 833 2835 alta
847 2732 1042 2853 ministrat,

133 2892 411 3001 Pascunturque
429 2895 531 3000 ignes
551 2895 735 2991 noeturni,
753 2911 791 2973 et
809 2894 952 2974 lumina
965 2895 1140 2979 fundunt.
1181 2890 1191 2916 ”

133 3033 186 3115 Et
198 3032 367 3115 dubitant
379 3031 553 3114 homines
566 3035 691 3132 serere,
700 3053 812 3142 atque
823 3030 1202 3143 impendere'curam?

137 3172 242 3270 Quid
257 3173 397 3278 majora
413 3173 568 3281 sequar?
590 3173 724 3271 salices,
741 3170 976 3280 humilesque
983 3173 1157 3282 genistae,

139 3320 220 3395 Aut
232 3314 316 3395 illae
337 3313 463 3424 pecori
483 3302 669 3412 frondent,
683 3332 747 3395 aut
761 3312 965 3424 pastoribus
981 3314 1145 3413 umbrae,

139 3453 359 3551 Sufficiunt,
385 3457 583 3564 sepemque
597 3454 691 3552 satis,
709 3471 749 3534 et
765 3453 902 3563 pabula
917 3453 1034 3538 melli.
1116 3454 1206 3570 436

139 3597 192 3676 Et
203 3595 306 3703 juvat
326 3594 531 3674 undantem
550 3594 655 3674 buxo
668 3592 829 3703 spedare
844 3595 1044 3702 Cytorum,

138 3731 399 3840 Naryciaeque
412 3732 505 3842 picis
516 3730 643 3812 lucos:
671 3731 779 3838 juvat
791 3758 878 3810 arva
888 3730 1025 3828 videre,

140 3871 234 3952 Non
251 3868 370 3949 rastris
387 3868 604 3969 hominum,
621 3869 784 3951 nonulli
802 3868 965 3951 obnoxia
981 3869 1105 3953 curaess

142 4010 245 4119 Ipsae
264 4011 450 4094 Caucaseo
464 4011 604 4094 steriles
616 4011 656 4091 in
668 4011 804 4092 vertice
823 4007 956 4118 sylvae,
1122 4032 1210 4117 440

141 4149 247 4267 Qus
264 4148 419 4268 animost
440 4151 521 4237 euri
538 4151 676 4242 affidue
692 4149 945 4269 franguntque
962 4147 1176 4258 feruntque,

1112 4287 1216 4371 Dant
