2940 5190
188 374 289 449 κο
424 342 756 443 RVuerarr
788 340 1072 442 Maturate

183 550 360 635 Protinus
376 547 424 627 ad
443 573 573 655 regem
588 545 713 625 crustu
724 544 921 656 detorquet
932 549 1096 645 labam,

185 690 433 798 Inomditque
442 686 878 795 animomdiffimtque
893 707 1044 796 agga-at
1059 689 1147 769 irae.

185 829 267 911 Hic
287 833 484 911 Ammone
498 827 605 923 satos,
618 846 722 935 rapta
736 827 1004 908 Garamantide
1018 828 1208 940 nymph,

186 969 358 1082 Templa
374 970 628 1076 Jovioentum
644 967 1065 1078 latisimmaniarognie,
1166 998 1259 1054 aoo

186 1109 358 1191 Centum
374 1136 453 1190 aras
468 1107 601 1218 posuit,
621 1106 850 1216 vigilemque
867 1107 1066 1190 sacraverat
1081 1109 1232 1218 ignun¹

185 1250 379 1334 Excubiae
407 1249 540 1330 divum
564 1265 740 1343 aeternas,
756 1247 1025 1358 pecudumque
1044 1276 1181 1333 erm

183 1386 481 1502 Pinguesolum,
497 1387 655 1469 etvariis
672 1385 841 1466 florentia
856 1386 990 1469 limina
1011 1389 1128 1470 sertis.

188 1529 313 1639 lique,
336 1554 467 1611 amens
481 1526 601 1607 animi
624 1544 664 1606 et
679 1552 832 1606 rumore
843 1525 1019 1608 aoomsua
1035 1553 1182 1626 amru,

186 1667 340 1750 Dicitu
352 1684 439 1747 ante
454 1692 548 1763 aras,
565 1665 690 1743 media
703 1666 799 1744 inter
820 1666 978 1745 nouum
996 1665 1145 1763 divum,

184 1805 317 1890 Multa
333 1807 474 1912 Jovem
486 1804 661 1884 manibus
669 1803 825 1912 supplex
843 1803 959 1885 omd'e
974 1805 1136 1916 supinis:
1169 1832 1260 1916 205

186 1943 361 2053 anpiter
371 1941 624 2050 omnipotens,
639 1939 701 2018 cui
716 1940 1017 2022 nuncMaurufia
1029 1943 1139 2052 piffls

185 2085 295 2167 Gens
308 2083 458 2196 epulata
467 2082 559 2165 to'rit
569 2083 765 2163 lenaeum
780 2082 872 2161 libat
889 2080 1090 2179 honorem,

185 2225 332 2336 Aspicis
346 2223 463 2307 haec?
492 2248 542 2305 an
552 2241 603 2319 te,
618 2224 774 2330 genitor,
789 2249 882 2302 cum
896 2222 1058 2304 lirlmina
1072 2243 1238 2333 torquet,

185 2365 457 2474 Nequicquam
475 2358 695 2445 horremus?
726 2364 902 2471 caecique
919 2362 961 2443 in
977 2364 1140 2444 nubibus
1157 2366 1261 2473 ignee
1303 2379 1307 2388 '

186 2504 410 2585 Terrificant
421 2500 581 2603 animos,
592 2503 765 2582 etimnia
773 2528 969 2582 murmura
979 2503 1158 2589 misnent?
1177 2531 1258 2589 aru

186 2644 358 2740 Femina,
388 2669 486 2752 quae
499 2641 630 2722 nostris
642 2670 765 2723 errans
778 2644 817 2722 in
836 2641 973 2723 finibus
989 2644 1125 2724 urbem

187 2786 380 2896 Exiguam
394 2781 512 2892 pretio
530 2780 665 2891 posuit,
695 2783 757 2862 cui
777 2783 863 2863 litus
877 2785 1077 2882 arandum,

187 2927 338 3037 Cuique
356 2924 428 3005 loci
448 2922 547 3030 leges
559 2923 744 3019 dedimus,
760 2925 949 3006 connubia
968 2925 1092 3005 nostra

187 3064 383 3172 Reppulit,
400 3090 443 3142 ac
457 3061 658 3141 dominum
676 3064 830 3142 Aenean
849 3064 887 3143 in
906 3091 1019 3172 regna
1037 3064 1186 3172 recepit.

188 3203 241 3283 Et
259 3230 360 3282 nunc
379 3199 440 3279 ille
461 3199 561 3281 Paris
580 3228 672 3278 cum
690 3200 861 3282 semiviro
878 3203 1073 3301 comitatu,
1169 3224 1255 3314 215

189 3341 369 3425 Maeonia
383 3355 556 3418 mentum
573 3339 684 3416 mitra
700 3341 918 3448 crinemque
936 3341 1152 3422 madentem

189 3482 398 3573 Subnexus,
406 3492 511 3585 rapto
523 3473 687 3583 potitur:
720 3504 787 3556 nos
806 3505 962 3559 munera
974 3482 1126 3591 templis

190 3621 343 3731 Quppe
361 3617 434 3699 tuis
453 3615 620 3713 ferimus,
632 3612 850 3725 famamque
868 3617 1040 3702 fovemus
1055 3622 1218 3705 inanem.

190 3763 350 3846 Talibus
368 3777 536 3842 orantem
558 3757 678 3854 dietis,
705 3757 855 3866 arasque
872 3775 1064 3842 tenentem
1238 3792 1243 3801 ·

189 3904 324 3987 Audiit
342 3900 589 4009 omnipotens,
610 3896 809 4004 oculosque
822 3895 869 3976 ad
887 3899 1037 3981 moenia
1053 3900 1156 4016 tqrfit
1169 3925 1257 3985 220

192 4041 327 4147 Regia,
348 4056 386 4117 et
406 4039 539 4124 oblitos
551 4037 673 4118 famae
687 4035 849 4117 melioris
868 4058 1044 4121 amantes.

190 4178 307 4267 Tunc
327 4178 376 4259 fic
392 4178 631 4263 Mercurium
644 4177 856 4296 alloquitur,
874 4206 918 4261 ao
936 4181 1021 4265 talia
1035 4180 1213 4292 mandat:

1132 4318 1253 4426 vade,
