2940 5190
289 423 294 431 ·
342 382 672 486 Aruernos.
714 373 961 480 bruni·¹
1080 404 1177 511 20³9

107 584 244 673 Irustra
262 591 469 700 domosque
483 589 604 688 traho,
617 587 808 697 vastosque
819 587 867 668 ab
884 611 977 696 rupe
989 584 1176 697 Cyclopas
1236 600 1241 616 '

108 731 306 841 Prospicio,
318 732 555 841 sonitumque
567 730 709 842 pedum
726 750 934 835 vocemque
949 725 1134 815 tremisco.

107 872 485 971 unumunurm,
504 875 635 954 baccas
645 868 879 980 lapidosaque
889 894 1012 968 corna,
1150 856 1157 863 ’

105 1006 210 1112 Dant
228 1014 336 1110 rami,
358 1030 396 1093 et
415 1012 526 1091 vullis
538 1010 690 1120 pascunt
706 1007 890 1090 radicibus
902 1004 1049 1093 herbae.
1082 1012 1106 1094 6
1113 1030 1174 1122 50,

106 1156 249 1236 Omnia
266 1154 494 1250 collustrans,
510 1150 608 1233 hanc
620 1153 789 1261 primum
804 1151 852 1231 ad
869 1149 974 1231 litora
990 1148 1141 1233 claffem

105 1291 295 1400 Conspexi
313 1291 543 1372 venientem:
574 1290 665 1371 huic
682 1317 759 1391 me,
778 1314 1023 1398 quaecunque
1036 1285 1175 1388 firiffeg'

106 1429 269 1509 Addixi:
301 1429 383 1510 satis
399 1428 453 1508 est
470 1445 621 1537 gentem
634 1427 799 1543 effingiffe
813 1425 1027 1510 nefandam.

105 1567 186 1647 Vos
200 1569 367 1649 animam
380 1566 477 1649 hanc
490 1570 613 1680 potius
623 1590 848 1680 quocunque
862 1567 1043 1648 absumite
1056 1562 1176 1656 letho·

107 1701 186 1786 Vix
198 1734 241 1787 ea
254 1706 351 1788 fatus
367 1724 454 1808 erat,
467 1708 618 1789 summo
633 1736 724 1790 cum
738 1725 868 1791 monte
880 1706 1050 1790 videmus
1082 1708 1170 1820 6'5'5

105 1845 235 1955 Ipsum
252 1846 347 1927 inter
365 1848 524 1956 pecudes
540 1846 640 1930 vasta
651 1848 687 1931 se
715 1850 819 1931 mole
838 1863 1055 1928 moventem
1127 1850 1131 1861 '
1154 1862 1159 1952 ᾗ

106 1986 297 2069 Pastorem
309 1988 603 2098 Polyphemum,
619 2010 656 2071 et
672 1990 778 2070 litora
788 2007 875 2071 nota
891 2007 1080 2098 petentem
1094 2015 1107 2069 t
1153 1982 1159 1989 ’

93 2123 331 2206 Monstrum
345 2122 588 2227 horrendum,
604 2127 777 2225 informe,
801 2126 943 2235 ingens,
959 2126 1022 2207 cui
1038 2125 1170 2205 lumen

285 2265 493 2352 ademtum.

104 2396 259 2481 Trunca
276 2430 394 2484 manu
413 2407 523 2514 pinus
540 2405 646 2515 regit,
664 2425 701 2486 et
719 2404 877 2514 vestigia
890 2405 1027 2488 firmat.

105 2539 308 2649 Lanigerae
320 2544 544 2627 comitantur
556 2570 654 2643 oves,
670 2575 714 2626 ea
729 2540 805 2626 sola
822 2546 1002 2655 voluptas,
1033 2572 1036 2577 ·
1079 2542 1177 2628 666·

106 2680 357 2792 solamenque
375 2685 477 2769 mali.
509 2686 668 2767 decollo
684 2685 805 2768 fistula
822 2689 970 2796 pendet.
1083 2708 1087 2715 '
1161 2688 1163 2692 ’

105 2818 310 2927 Postquam
326 2823 419 2905 altos
432 2822 551 2933 tetigit
568 2824 713 2924 budius,
733 2818 833 2905 etad
850 2850 1010 2933 aequora
1025 2821 1139 2921 venit,
1156 2820 1162 2833 ’
1207 2837 1211 2844 ’

103 2957 278 3040 Luminis
295 2960 412 3043 effodi
433 2962 594 3045 fluidum
612 2963 700 3044 lavit
722 2963 809 3046 inde
822 2991 1008 3049 cruorem.
1157 2966 1160 2971 ’

110 3098 297 3182 Dentibus
332 3103 543 3187 infrendens
560 3105 727 3215 gemitu;
762 3104 998 3215 graditurque
1014 3128 1080 3214 per
1107 3127 1171 3183 ao-

289 3272 385 3352 quor
1082 3246 1172 3351 664

108 3380 196 3484 Jam
215 3384 398 3486 medium,
418 3383 599 3469 necdum
619 3379 882 3471 fluetus'latera
898 3387 1012 3471 ardua
1027 3382 1167 3467 tinxit.·

105 3517 190 3600 Nos
208 3524 337 3629 procul
354 3527 442 3608 inde
472 3527 603 3637 fugam
619 3528 752 3637 trepidi
769 3526 939 3626 celerare,
959 3546 1109 3636 reoepto

106 3656 293 3765 Supplice,
314 3664 364 3744 src
382 3667 528 3766 merito,
547 3666 722 3776 tacitique
743 3664 904 3747 incidere
917 3665 1074 3747 funem:

106 3795 300 3881 Venimus
317 3822 353 3883 et
371 3805 480 3914 proni
502 3808 724 3888 certantibus
735 3828 897 3915 aequora
906 3805 1036 3892 remis.

107 3936 234 4035 Sensrt,
249 3957 287 4020 et
304 3945 351 4022 ad
370 3940 530 4028 sonitum
547 3950 648 4028 vocis
666 3947 816 4055 vestigia
830 3942 942 4032 toriit.
1079 3946 1166 4056 669

105 4072 251 4155 Verum
266 4079 332 4158 ubi
349 4083 452 4163 nulla
458 4086 565 4167 datur
571 4087 743 4168 dextram
756 4084 926 4167 affediare
937 4086 1123 4196 potestas,¹

103 4213 191 4333 Nec
208 4218 305 4338 potis
324 4223 448 4341 Ionios
470 4222 604 4313 fluetus
620 4257 777 4339 aequare
794 4227 994 4339 sequendo,
1177 4272 1187 4285 .

145 4350 170 4373 “
590 4368 623 4450 Ρ
794 4342 807 4349 ”
1026 4362 1183 4485 cumog
