2940 5190
304 410 400 514 1'32
495 387 840 487 P.V1'ncrc11
876 393 1151 487 Manours

306 597 496 703 Spemque
508 614 730 705 metumque
739 600 834 679 inter
847 598 969 680 dubii:
989 598 1182 680 seuvivere
1192 593 1355 694 credant,

305 734 388 812 Sive
403 751 569 813 extrema
587 737 675 843 pati,
703 737 861 844 necjam
876 738 1049 819 exaudire
1063 753 1224 817 vocatos.

304 873 507 985 Praecipue
523 875 606 984 pius
621 877 777 974 Aeneas,
807 876 908 956 nunc
925 876 1018 957 acris
1031 875 1201 972 Orontei,

304 1017 423 1097 Nunc
443 1018 585 1124 Amyci
602 1017 728 1097 casum
746 1019 876 1126 gemit,
905 1037 943 1098 et
958 1017 1120 1098 crudelia
1134 1017 1261 1096 secum
1284 1040 1337 1098 22
1347 1043 1370 1122 ς

304 1155 398 1239 Fata
406 1129 515 1264 Lyci,
529 1155 741 1266 fortemque
749 1160 874 1267 Gyan,
898 1156 1113 1266 fortemque
1126 1152 1374 1236 Cloanthum.

306 1296 360 1375 Et
370 1296 453 1402 jam
470 1293 554 1375 finis
568 1312 670 1377 erat:
701 1322 791 1376 cum
809 1297 954 1405 Jupiter
971 1295 1118 1376 aethere
1134 1295 1286 1374 summo

307 1437 525 1546 Despiciens
543 1463 646 1516 mare
660 1436 873 1538 velivolum,
901 1436 1084 1547 terrasque
1094 1439 1273 1545 jacentes,

307 1580 523 1686 Litoraque,
546 1596 585 1658 et
600 1577 692 1657 latos
708 1578 881 1686 populos,
903 1579 953 1657 fic
971 1579 1106 1659 vertice
1123 1576 1218 1659 coeli

308 1715 497 1813 Constitit,
525 1733 563 1795 et
576 1715 719 1824 Libyae
735 1716 865 1796 defixit
879 1718 1024 1797 lumina
1041 1716 1176 1826 regnis.
1289 1741 1313 1797 2
1320 1742 1375 1824 30

309 1858 439 1965 Atque
456 1855 565 1936 illum
579 1855 877 1963 talesjaelantem
891 1860 1039 1964 pectore
1051 1884 1169 1952 curas,

309 1994 484 2094 Tristior,
515 2011 553 2076 et
569 1995 742 2103 lacrymis
758 1995 888 2076 oculos
904 1991 1037 2073 suffirsa
1058 1986 1226 2091 nitentes,

310 2134 528 2245 Alloquitur
553 2135 707 2217 Venus:
744 2137 796 2238 O,
834 2134 900 2244 qui
924 2162 981 2216 res
1008 2131 1284 2241 hominumque
1310 2130 1377 2211 de-

375 2304 519 2385 umque

314 2415 486 2496 Aeternis
500 2412 595 2523 regis
609 2414 785 2524 imperiis,
807 2430 847 2495 et
857 2414 1018 2495 fulmine
1031 2432 1151 2508 terres,

312 2554 419 2661 Qid
437 2583 545 2635 meus
561 2556 707 2635 Aeneas
724 2556 764 2636 in
780 2571 818 2636 te
836 2553 1071 2636 committere
1087 2557 1261 2633 tantum?
1292 2577 1314 2632 2
1323 2576 1395 2660 35·

290 2693 554 2805 QidTroe's
574 2711 740 2802 potuere,
768 2693 919 2803 quibus,
945 2707 1001 2770 tot
1014 2687 1277 2799 funera-paffis,
1366 2748 1369 2756 .

304 2833 483 2921 ‚Cuneus
496 2835 547 2915 ob
565 2832 713 2916 Italiam
729 2853 910 2915 terrarum
927 2832 1110 2913 clauditur
1122 2830 1248 2914 orbis?

314 2976 437 3074 Certe,
472 2973 563 3087 hinc
576 2975 770 3056 Romanos
783 2974 893 3071 olim,
921 2971 1151 3052 volventibus
1164 2971 1280 3068 annis,
1368 3018 1371 3024 ·

315 3113 419 3192 Hinc
438 3111 518 3192 fore
531 3113 713 3207 dudlores,
736 3131 907 3192 revocato
924 3138 948 3190 a
966 3110 1141 3218 sanguine
1151 3109 1304 3206 Teucri,

316 3251 396 3345 Qui
411 3279 525 3347 mare,
553 3253 620 3360 qui
633 3269 744 3332 terras
763 3249 870 3331 omni
890 3250 1028 3330 ditione
1042 3266 1219 3346 tenerent,
1296 3275 1381 3354 240

318 3388 520 3470 Pollicitus.
545 3417 642 3497 quae
660 3408 709 3485 te,
736 3390 891 3498 genitor,
918 3387 1093 3470 sententia
1106 3386 1242 3468 vertit?

317 3527 409 3607 Hoc
426 3526 602 3636 equidem
621 3528 793 3613 occasum
806 3529 943 3637 Trojae
960 3528 1147 3637 tristesque
1165 3528 1288 3607 ruinas

319 3665 483 3764 Solabar,
509 3665 592 3747 fatis
605 3667 785 3746 contraria
801 3667 876 3748 fata
888 3668 1105 3778 rependens.

316 3807 435 3888 Nunc
454 3805 587 3888 eadem
599 3805 748 3888 fortuna
768 3807 865 3885 viros
880 3823 936 3883 tot
956 3806 1098 3886 cafibus
1114 3807 1216 3884 adius
1289 3831 1385 3906 '²44

319 3945 538 4052 Insequitur.
559 3971 676 4053 quem
694 3945 758 4023 das
772 3941 906 4038 finem,
933 3968 999 4021 rex
1017 3969 1166 4050 magne,
1189 3939 1385 4023 laborum?

320 4085 490 4160 Antenor
507 4083 639 4190 potuit,
672 4080 805 4159 mediis
820 4077 961 4189 elapsus
973 4079 1142 4173 Achivis,
1257 4108 1259 4113 ’

320 4219 485 4328 Illyricos
507 4236 694 4330 penetrare
712 4216 824 4320 linus,
850 4216 962 4326 atque
975 4214 1107 4302 intima
1121 4235 1222 4337 tutus
1358 4214 1363 4226 '

480 4356 483 4363 '
1260 4351 1394 4458 Regna
