2940 5190
337 318 880 488 Aruernosslrru
916 393 977 488 ll.
1049 412 1195 528 ,173

127 601 380 693 Permetuena,
402 596 588 705 Trojaeet
598 594 734 704 patriae
751 594 967 676 communia
978 596 1154 713 Erinnyr,

132 739 339 820 Abdiderat
355 736 440 836 sese,
458 753 571 845 atqua
584 733 656 815 aris
676 732 789 816 invisa
807 731 966 818 sedebat.

131 880 307 959 Exarsere
324 879 428 987 ignes
445 876 593 958 mimo:
623 872 721 953 subit
739 872 793 954 ira
809 872 1005 959 'cadentem
1110 891 1197 997 ης

128 1019 268 1100 Ulcisci
291 1017 461 1128 patriam,
475 1032 514 1096 et
524 1013 711 1094 sceleratae
724 1010 869 1094 sumere
886 1034 1034 1124 poenae.
1204 1058 1207 1063 ·

134 1157 281 1239 Scilicet
297 1157 392 1238 haec
405 1158 573 1266 Spartam
586 1150 787 1232 incolumis
798 1151 1002 1263 patriasque
1016 1157 1201 1267 Myeeffl

130 1297 309 1408 Aspiciet,
336 1315 517 1407 partoque
536 1291 606 1374 ibit
622 1292 747 1402 regina
763 1292 986 1404 triumpho?

134 1436 454 1544 Conjugiumque,
500 1434 747 1543 domumque,
778 1450 911 1542 patrea,
936 1438 1115 1550 mtosqlae
1143 1439 1201 1522 via

318 1574 433 1676 debit,

134 1714 297 1796 iliadum
316 1714 424 1797 turba
440 1729 479 1795 et
499 1711 672 1824 Phrygiis
683 1715 860 1796 comitata
877 1715 1080 1805 ministris?
1114 1722 1200 1836 58‘0

137 1856 329 1938 Occiderit
338 1855 437 1939 ferro
455 1856 652 1939 Priamus?
680 1857 800 1966 Troja
816 1858 938 1939 arserit
948 1860 1054 1972 igni?

137 1997 373 2079 Dardanium
389 1997 497 2077 toties
512 1995 648 2077 sudarit
668 1994 843 2106 sanguine
862 1995 976 2082 litus?

134 2136 318 2221 Noritae
348 2135 750 2246 namqueetlinullum
763 2137 1162 2223 memorabilem

143 2276 177 2358 F
178 2278 350 2359 oeminea
367 2279 407 2355 in
420 2254 542 2384 paena
553 2275 622 2372 est,
641 2273 839 2356 nechabet
855 2275 1008 2358 victoria
1023 2278 1198 2382 laudem3

137 2416 343 2499 Extinxiffe
364 2414 468 2496 nesae
493 2430 683 2512 tamen,et
700 2412 1076 2524 sumpliffemerantis
1117 2422 1203 2536 583

138 2557 338 2639 Laudabat
357 2580 523 2667 poenac3
551 2555 799 2664 minimaque
815 2555 974 2668 explesse
984 2559 1133 2667 juvabit

140 2698 295 2780 Ultricis
314 2698 501 2794 flamfflae,
519 2715 558 2778 et
582 2698 722 2779 cineres
735 2696 871 2779 satiasse
888 2724 1077 2786 meorum.

133 2836 250 2917 Talia
260 2836 462 2946 jastabam,
477 2851 519 2914 'et
529 2833 663 2916 furiata
677 2846 807 2915 mente
828 2834 985 2935 ferebar,

140 2978 245 3057 Cum
260 2974 359 3056 mihi
379 2973 428 3071 se,
444 2996 525 3056 non
541 2984 627 3057 ante
643 2974 850 3056 oculistam
863 2975 973 3074 clara,
990 2976 1195 3061 videndam

139 3115 458 3224 Obtulit'etpura
474 3140 542 3224 per
560 3110 715 3196 nostem
731 3113 1021 3198 inlucerefirlfit
1068 3202 1074 3213 ,
1122 3146 1208 3231 590

139 3257 259 3339 Alma
270 3283 414 3369 patena,
428 3252 589 3338 consefl'a
602 3256 741 3356 deam
765 3256 958 3370 qualisque
974 3260 1093 3342 videri
1201 3326 1204 3331 .

140 3374 339 3479 Coelicolii
359 3414 398 3478 et
418 3394 680 3506 quautasolet3
700 3396 905 3509 dextraque
925 3396 1152 3510 prehensam

135 3537 353 3641 Continuit,
372 3536 550 3647 roseoque
564 3534 661 3620 llaec
681 3537 828 3650 instrfler
843 3537 986 3621 addidit
999 3562 1095 3624 'uret

141 3673 256 3772 Nate,
268 3679 353 3786 quis
365 3677 567 3758 indomitas
586 3693 709 3759 tantus
725 3677 835 3761 dolor
845 3678 981 3759 excitat
992 3680 1086 3763 itast

143 3814 249 3923 Qid
258 3816 376 3902 furia-l
390 3835 455 3899 aut
465 3844 633 3928 quonam
642 3816 756 3899 nostri
763 3817 836 3899 tibi
847 3844 936 3899 cura
948 3816 1111 3903 recellit?
1126 3848 1182 3933 59
1187 3847 1212 3932 5

144 3956 238 4036 Non
252 3955 353 4064 prius
363 3956 523 4068 aspicies,
539 3958 604 4039 ubi
626 3956 761 4038 seffum
772 3975 889 4039 aetate
905 3976 1098 4068 parentem

144 4096 317 4205 Liqueris
328 4096 545 4184 Anchisen?
574 4101 1084 4211 superetconjuuneCreiisa,

148 4236 403 4349 Ascaniusque
412 4243 530 4351 puer?
561 4266 660 4351 quoa
673 4270 807 4329 omnes
826 4243 993 4357 undique
1003 4245 1141 4329 Graiae

1064 4382 1222 4464 Circum
