2940 5190
142 394 151 408 --
290 362 391 515 ¹4⁶
490 352 1177 456 P5V1norurrMnaours

146 546 163 569 '⁵
289 565 404 648 Unus
420 560 537 659 abest,
567 558 695 642 medio
712 557 753 638 in
770 556 890 639 fluuu
905 584 1023 667 quem
1038 557 1203 643 vidimus
1213 558 1282 676 ipn

291 680 557 785 Submersum:
588 698 697 779 distis
713 695 937 807 respondent
947 714 1090 781 metera
1100 701 1242 789 matris.

291 844 372 927 Vix
390 874 434 928 ea
450 844 547 927 fatus
564 860 652 942 erat,
684 867 776 921 cum
797 838 1023 925 circumfusa
1039 862 1191 957 repente
1272 878 1359 963 590

294 984 438 1065 Scindit
456 982 493 1064 se
505 982 635 1080 nubes,
667 997 703 1061 et
720 979 761 1059 in
775 976 922 1060 aethera
940 998 1073 1089 purgat
1083 1001 1267 1093 apertum.

293 1122 446 1215 Restitit
461 1124 621 1223 Aeneas,
652 1117 824 1229 claraque
837 1117 878 1199 iu
896 1118 981 1199 luce
993 1118 1147 1220 refulsit,

294 1240 352 1346 Os
366 1260 617 1370 humerosque
637 1259 710 1341 deo
720 1257 874 1341 fimitis:
905 1286 1071 1371 namque
1091 1261 1167 1372 ipsa
1187 1264 1375 1349 decomm-

293 1376 505 1486 Caesariem
523 1418 612 1483 nato
629 1398 801 1509 genitrix,
832 1396 1037 1507 lumenque
1050 1398 1225 1508 juventae

293 1545 545 1655 Purpureum,
576 1557 615 1621 et
635 1537 748 1622 laetos
766 1537 884 1619 oculis
901 1538 1043 1621 afflarat
1058 1537 1232 1629 honores.
1276 1575 1331 1661 59
1337 1575 1361 1661 ς

294 1684 421 1784 Quale
431 1711 566 1765 manus
575 1680 720 1762 addunt
732 1679 836 1761 ebori
849 1679 975 1780 decus,
989 1698 1054 1761 aut
1064 1683 1130 1764 ubi
1145 1684 1244 1769 flavo

104 1876 134 1907 2
295 1826 511 1943 Argentum
529 1821 698 1940 Pariusve
716 1820 808 1931 lapis
820 1820 1059 1902 circundatur
1077 1851 1180 1907 aurm
1200 1884 1228 1926 s

296 1967 408 2048 Tum
423 1965 473 2047 fic
483 1965 652 2076 reginam
672 1962 889 2075 alloquitur,
919 1963 1137 2076 cuneisque
1154 1984 1304 2079 repente

296 2104 527 2218 Improvisus
543 2106 617 2188 ait:
645 2132 786 2204 coram,
818 2130 938 2213 quem
957 2106 1143 2214 quaeritis,
1174 2107 1306 2191 adsum
1443 2206 1451 2223 Ι

295 2245 441 2329 Tro‘r‘us
458 2247 618 2348 Aeneas,
648 2242 803 2356 Libycis
812 2259 958 2356 ereptus
975 2244 1023 2325 ab
1041 2245 1162 2335 undis.
1276 2253 1367 2336 600

297 2388 339 2469 o
352 2364 428 2469 aa
446 2386 618 2469 nanus
635 2388 774 2500 nojae
791 2387 1128 2495 numeramus,

298 2504 505 2633 Quaerens,
532 2526 718 2637 relliquias
729 2529 921 2625 Danaum,
952 2544 1144 2637 terraeque
1155 2530 1341 2640 marisque

299 2662 493 2751 Omnibus
506 2667 793 2779 exhaustosjam
808 2667 962 2771 cafibus,
993 2669 1170 2752 omnium
1188 2696 1337 2782 egenos,

299 2809 422 2929 Urbe,
435 2811 565 2910 domo,
584 2809 722 2913 socias„
738 2829 858 2920 grates
874 2808 1077 2921 persolvere
1090 2811 1220 2922 dignas

300 2950 398 3038 Non
431 2954 511 3066 opis
537 2952 592 3035 est
617 2953 773 3053 nostrae,
821 2952 946 3037 Dido:
992 2982 1062 3038 nec
1086 2955 1268 3066 quicquid
1285 2954 1373 3037 ubi-

180 3186 184 3191 ,
487 3119 565 3204 que
584 3094 638 3174 est
1281 3096 1368 3176 606

301 3234 438 3319 Gentis
454 3235 677 3336 Dardaniae,
709 3264 894 3348 magnum
911 3264 1007 3348 quae
1024 3235 1140 3348 sparsa
1151 3263 1216 3348 per
1229 3235 1375 3317 orbem.

301 3376 359 3459 Di
377 3377 459 3476 tibi,
490 3378 518 3458 fi
535 3407 611 3487 qua
627 3379 707 3488 pios
724 3380 930 3490 respestant
946 3380 1119 3476 numina,
1151 3378 1179 3458 fi
1193 3378 1285 3487 quid

303 3518 477 3631 Usquam
489 3519 653 3630 justitiae
669 3520 736 3620 est,
777 3539 815 3603 et
834 3547 943 3603 mens
959 3520 1028 3603 fibi
1045 3518 1191 3601 conscia
1209 3520 1315 3618 resti,

302 3661 476 3784 Praemia
492 3662 607 3774 digna
622 3661 752 3749 ferant.
784 3690 881 3773 quae
898 3680 936 3745 te
947 3679 1027 3745 tam
1038 3661 1131 3743 laeta
1150 3661 1314 3743 tulerunt

304 3805 488 3889 Saecula?
518 3805 586 3916 qui
606 3807 699 3888 tanti
720 3806 835 3888 talem
854 3831 1014 3914 genuere
1034 3807 1225 3913 parentes?
1289 3804 1376 3886 610

273 4048 276 4053 Ι
303 3946 353 4027 In
366 3945 460 4027 freta
477 3946 572 4027 dum
587 3944 693 4026 fluvii
709 3962 871 4043 current,
904 3945 1002 4026 dum
1017 3942 1208 4024 montibus
1223 3940 1379 4023 umbrae

304 4086 536 4170 Lustrabunt
550 4113 729 4187 convexa,
760 4083 869 4197 polus
884 4085 980 4167 dum
995 4084 1109 4165 sidera
1123 4084 1268 4195 pascet:

307 4230 462 4342 Semper
485 4223 619 4324 honos,
662 4252 879 4337 nomenque
910 4244 1036 4332 tuum,
1080 4223 1280 4333 laudesque
1299 4246 1382 4299 ma·

489 4370 658 4457 nebunt:
1272 4365 1387 4484 Quae
