2940 5190
424 309 1082 419 ”Hs-suosne..

200 531 372 646 spatium
390 526 485 610 illud
515 525 664 609 triennii
690 524 788 606 circa
813 523 1061 608 Consulatum
1088 527 1275 618 Pollionis

201 672 359 755 omnino
383 668 455 750 effe
472 666 763 751 numerandum.
823 662 936 746 Adde
952 668 1055 776 quod
1072 669 1176 754 idem
1191 679 1275 790 ipse·

200 812 435 924 Pomponius
454 810 657 921 Virgilium
675 808 775 889 dicat
802 805 953 888 edidiffe
969 809 1146 897 Bucolica
1169 846 1271 904 armo

201 955 327 1036 aetatis
342 980 411 1064 23·
427 967 492 1031 aut
509 978 577 1058 24·
608 949 754 1032 Probus
771 947 1038 1051 etPaedianus,
1065 984 1165 1041 anno
1194 963 1271 1053 28,-

202 1094 363 1190 Servius,
396 1117 496 1170 anno
518 1117 590 1200 29.
622 1088 744 1197 Atqui
763 1086 950 1168 divilionis
978 1093 1153 1179 aenaeae
1169 1116 1270 1186 tem-
1443 1134 1448 1145 =

200 1259 291 1342 pore
307 1256 423 1312 annos
439 1227 661 1311 numerabat
677 1228 808 1340 plenos
821 1245 933 1337 atque
953 1226 1113 1339 integros
1131 1262 1272 1326 novem

201 1398 247 1452 ac
284 1369 452 1477 triginta:
496 1367 602 1476 quod
624 1366 810 1449 incuriam
831 1364 1056 1476 scriptorum
1087 1372 1271 1479 ejusmodi

199 1507 440 1591 manifestam
464 1507 565 1592 facit.

148 1740 151 1747 ‚
265 1650 385 1760 Igitur
404 1649 453 1729 stc
465 1647 598 1731 statuo.
630 1647 835 1757 Virgilium
848 1646 981 1727 Afinio
998 1647 1272 1756 Pollioni,tum

200 1794 243 1874 in
260 1789 386 1873 Gallia
399 1790 587 1902 Cisalpina
603 1808 642 1871 et
660 1790 831 1893 Venetia,
878 1791 983 1900 cujus
1009 1819 1093 1903 pars
1108 1798 1162 1880 est
1184 1812 1273 1911 ager

201 1933 447 2031 Mantuanus,
460 1960 552 2015 cum
567 1929 727 2043 imperio
746 1931 914 2029 versanti,
935 1933 1009 2012 five
1026 1962 1094 2045 per
1107 1939 1271 2048 Varum,

201 2104 373 2186 quocum
408 2072 667 2184 philosophiae
688 2073 888 2172 studuerat,
940 2074 1014 2156 five
1035 2105 1102 2187 per
1125 2083 1273 2167 Corne.

200 2216 299 2298 lium
310 2211 484 2309 Gallum,
512 2213 586 2292 five
600 2241 664 2322 per
677 2212 838 2322 seipsum
849 2212 1064 2297 innotuiffe:
1096 2247 1162 2326 per
1182 2220 1273 2303 Pol.

202 2355 347 2436 lionem
367 2348 678 2433 commendatum
697 2349 770 2430 effe
792 2351 1029 2434 Maecenati:
1072 2383 1139 2464 per
1167 2357 1273 2444 hunc

195 2494 251 2577 ad
270 2492 466 2573 octaviani
484 2493 642 2601 gratiam
661 2489 848 2601 irrepfiffe.
911 2493 1142 2603 Qanquam
1166 2501 1272 2584 enim

196 2651 294 2716 ¹tnnc
319 2631 544 2714 diversarum
559 2648 662 2712 erant
675 2631 839 2741 partium
857 2629 1058 2716 Maecenas
1076 2654 1113 2718 et
1126 2640 1271 2742 Pollio,

203 2774 406 2858 limilitudo
416 2790 544 2854 tamen
557 2772 766 2854 studiorum
778 2787 817 2853 et
832 2799 951 2883 aequa
965 2774 1157 2883 probitatis
1169 2780 1274 2867 fama

139 2912 145 2943 ²
192 2915 257 2997 'fic
274 2933 478 3023 utrumque
489 2912 661 3012 sociabat,
711 2930 754 2991 ut
783 2939 883 2993 anno
901 2915 1075 3023 proxime
1099 2918 1274 3028 sequente

195 3052 411 3137 'administri
428 3052 680 3133 Brundufinae
693 3051 794 3162 pacis
806 3079 881 3133 una
892 3052 1051 3136 adhibiti
1063 3057 1145 3143 lint.
1177 3062 1275 3144 Cer..

203 3211 240 3275 te
263 3191 443 3274 Pollionis
456 3192 496 3271 in
510 3191 716 3300 Virgilium
733 3191 856 3301 priora
869 3190 976 3276 fuiffe
993 3196 1139 3298 merita,
1158 3199 1273 3285 Mae·

189 3333 341 3417 cenatis
362 3332 518 3443 potiora,
561 3330 621 3412 vel
643 3359 687 3413 ea
717 3358 774 3412 res
807 3330 963 3442 proban
1011 3340 1117 3446 quod
1133 3344 1276 3451 priora

193 3476 366 3586 Virgilio
379 3475 494 3584 gratia
507 3472 682 3573 Pollioni,
714 3475 833 3584 major
847 3474 1059 3560 Maecenati
1073 3480 1185 3564 relata
1205 3485 1288 3569 fitz·

204 3616 350 3727 Ecloga
368 3615 478 3697 unica
498 3641 592 3695 mox
610 3613 650 3694 in
661 3612 761 3695 illius
777 3612 963 3696 honorem
978 3619 1076 3700 edita
1091 3659 1104 3718 3
1150 3621 1276 3703 Geor-

191 3774 195 3781 '
204 3757 296 3868 gicis
311 3755 445 3837 deinde
464 3752 566 3834 libris
584 3770 742 3863 quatuor
755 3751 866 3862 hujus
883 3757 1029 3837 nomini
1040 3760 1275 3871 nuncupatis.

266 3897 398 3977 Fretus
429 3921 474 3974 ea
501 3895 830 3977 commendatione
854 3894 1047 4005 Virgilius,
1096 3926 1204 4009 agros
1234 3913 1277 3983 ut

190 4037 392 4147 reciperet.
400 4036 497 4140 suos,
530 4039 701 4120 Romam
729 4037 797 4119 sub
820 4038 910 4119 anni
929 4036 1041 4148 hujus
1063 4040 1168 4122 initia
1197 4042 1277 4150 pri-

206 4207 318 4265 mum
330 4181 439 4271 venit.
501 4179 648 4305 Q'dni
674 4181 780 4264 enim
797 4178 958 4300 Virgilio
976 4179 1023 4264 de
1041 4179 1078 4264 se
1095 4178 1188 4263 fides
1206 4178 1277 4262 ha-
1329 4286 1332 4297 1

1124 4317 1277 4405 beatur?
