2940 5190
376 429 707 524 Gsono1clt.
743 430 857 526 L1n.
895 432 980 530 111.
1145 461 1210 563 99

131 631 351 744 Praecipites
376 631 449 713 alta
468 632 585 714 vitam
600 631 668 711 sub
687 630 787 714 nube
803 633 1031 744 relinquunt.

131 777 333 872 Praeterea,
365 800 434 854 nec
446 774 529 884 jam
544 773 682 852 mutari
700 769 840 883 pabula
854 773 976 877 refert,

131 914 401 1024 Quaesitaeque
418 932 557 996 nocent
570 929 690 995 artes:
718 913 850 996 cessere
869 918 1046 1028 magistri,
1183 924 1187 933 “

129 1032 354 1165 Phillyrides
363 1052 519 1152 Chiron,
529 1051 883 1164 Amythaoniusque
892 1058 1122 1170 Melampus.
1128 1085 1211 1170 550

131 1197 254 1277 Saevit
268 1213 317 1292 et,
349 1194 388 1274 in
402 1193 528 1275 lucem
541 1192 675 1302 Stygiis
688 1194 816 1287 emissa
828 1197 988 1278 tenebris
1165 1272 1169 1277 .
1349 1238 1353 1245 ·

130 1334 273 1416 Pallida
286 1330 506 1443 Tisiphone,
535 1333 688 1412 morbos
701 1333 777 1440 agit
790 1353 875 1416 ante
889 1355 1126 1449 metumque,

108 1528 115 1543 ι
130 1477 253 1585 Inque
266 1476 343 1554 dies
362 1474 515 1553 avidum
531 1472 680 1582 surgens
696 1493 809 1582 caput
825 1474 933 1555 altius
951 1476 1072 1562 effert.

55 1618 59 1629 '
132 1616 264 1697 Balatu
281 1643 462 1727 pecorum
480 1632 518 1697 et
534 1613 670 1696 crebris
687 1615 893 1722 mugitibus
910 1645 1053 1718 amnes,

130 1757 362 1866 Arentesque
380 1757 509 1838 sonant
525 1755 639 1866 ripae,
670 1755 857 1865 collesque
873 1758 1008 1868 supini.
1077 1865 1081 1875 Ι
1119 1787 1144 1871 ς
1150 1788 1173 1869 5
1180 1788 1205 1871 ς

131 1900 294 2009 Jamque
304 1898 520 1999 catervatim
533 1898 597 1977 dat
608 1896 783 2005 stragem,
814 1914 928 2008 atque
941 1917 1091 2011 aggerat
1105 1900 1190 2013 ipsis

131 2040 178 2120 In
192 2038 341 2120 stabulis
358 2039 458 2148 turpi
477 2036 618 2153 dilapsa
634 2036 811 2137 cadavera
831 2038 944 2122 tabo:

107 2242 115 2257 ,
129 2177 266 2259 Donec
278 2176 401 2257 humo
413 2156 548 2286 tegere,
580 2203 624 2256 ac
637 2175 755 2257 foveis
770 2171 993 2260 abscondere
1010 2179 1168 2287 discunt.

128 2317 238 2400 Nam
251 2346 374 2427 neque
387 2335 464 2397 erat
474 2315 583 2398 coriis
594 2316 705 2398 usus:
738 2344 808 2398 nec
829 2316 964 2401 viscera
978 2321 1178 2431 quisquam

129 2461 213 2541 Aut
233 2459 343 2540 undis
359 2457 506 2541 abolere
519 2457 651 2569 potest,
670 2476 736 2539 aut
755 2459 900 2543 vincere
920 2461 1097 2548 flammae
1118 2467 1205 2577 560

128 2599 216 2680 Nec
234 2599 387 2681 tondere
404 2599 562 2710 quidem
579 2598 716 2680 morbo
733 2597 935 2710 illuvieque
953 2603 1078 2714 peresa

128 2739 290 2840 Vellera,
323 2768 392 2823 nec
414 2739 504 2822 telas
522 2738 669 2850 possunt
687 2740 865 2849 attingere
882 2758 1021 2851 putres.

128 2879 277 2979 Verum
292 2880 406 2971 etiam
420 2874 593 2974 invisossr
611 2877 697 2989 quis
714 2896 870 2961 tentarat
882 2880 1067 2977 anieron

128 3019 314 3101 Ardentes
330 3015 501 3129 papulae,
532 3035 644 3128 atque
662 3016 886 3100 immundus
904 3018 1043 3099 olentia
1064 3016 1175 3099 sudor

72 3272 75 3276 .
128 3158 310 3241 Membra
322 3156 551 3266 sequebatur.
581 3185 651 3238 nec
663 3156 777 3267 longo
790 3158 924 3239 deinde
938 3156 1099 3257 moranti
1116 3160 1170 3270 56
1175 3181 1202 3273 5

127 3302 334 3412 Tempore,
365 3302 555 3384 corneos
570 3317 671 3382 artus
687 3297 784 3381 sacer
802 3298 898 3409 ignis
914 3298 1060 3383 edebat.
1178 3382 1181 3387 ,
