2940 5190
173 296 275 405 216
393 292 444 395 P..
483 293 1063 408 Vmorem-Marum

164 499 254 582 Nec
272 525 335 580 me
352 497 444 577 adeo
458 494 568 599 fallit,
582 470 955 591 veritamtemoenia
972 497 1096 579 nostra
1153 518 1182 537 ··
1249 564 1253 571 .

165 634 356 746 suspectas
371 633 537 745 hrbuiffe
554 634 689 715 domos
706 630 938 742 Carthaginis
955 636 1063 717 altae.

165 774 238 856 Sed
253 776 336 885 quis
348 776 417 883 erit
431 774 592 858 modus?
611 792 674 854 aut
687 802 764 883 quo
774 801 874 854 nunc
888 775 1089 856 certamine
1099 780 1236 858 tanto?

164 917 273 1016 Quin
290 917 413 1027 potius
430 909 563 1027 pacem
581 935 767 998 aeternam
786 915 985 1025 pactosque
1006 914 1239 1024 hymenaeos

90 1052 94 1057 ’
163 1058 423 1141 Exercernus?
454 1055 582 1157 habes,
601 1075 679 1159 tota
697 1057 800 1165 quod
817 1074 944 1138 mente
962 1056 1109 1166 petisti:
1148 1086 1235 1141 roo

166 1200 290 1285 Ardet
306 1226 433 1309 amans
446 1198 564 1300 Dido,
583 1199 766 1313 traxitque
788 1224 853 1306 per
872 1196 946 1278 offa
961 1197 1142 1283 furorem.
1246 1272 1250 1279 .

167 1337 428 1421 Communem
448 1336 556 1445 ,hunc
577 1364 674 1446 ‚ergo
704 1334 902 1446 populum,
935 1336 1157 1447 paribusque
1174 1362 1237 1417 re-

352 1503 485 1585 gamus
669 1570 672 1575 .

166 1614 377 1725 Auspiciis:
409 1615 516 1694 liceat
533 1613 700 1723 Phrygio
719 1612 851 1695 servire
872 1613 1017 1711 marito,

166 1754 395 1861 Dotaiesque
407 1770 491 1833 tuae
509 1755 646 1860 Tyrios
664 1753 875 1861 permittere
890 1752 1051 1837 dextrae.

167 1892 262 1989 Olli,
289 1892 396 1978 senfit
412 1893 517 1973 enim
535 1891 704 1977 fimulata
720 1908 846 1971 mente
864 1890 1043 1989 locutam,
1155 1917 1202 1981 10
1210 1918 1235 2002 ς

166 2032 260 2146 Q
277 2056 438 2146 regnum
454 2027 581 2139 ltaliae
602 2031 762 2138 Libycas
787 2048 965 2115 averteret
978 2059 1072 2129 oras,

167 2170 231 2251 Sic
251 2187 380 2251 contra
398 2168 452 2256 est
468 2169 621 2279 ingressa
640 2170 794 2256 Venus:
826 2168 909 2277 quis
934 2169 1020 2248 talia
1037 2171 1191 2249 demens

160 2314 330 2411 Abnuat,
347 2328 412 2397 aut
429 2328 557 2421 tecum
577 2310 683 2397 malit
693 2311 915 2393 contendere
931 2310 1061 2392 bello?

168 2454 210 2534 Si
223 2452 353 2549 modo,
373 2451 476 2559 quod
500 2478 698 2550 memoras,
714 2450 858 2530 factum
876 2449 1025 2538 fortuna
1044 2449 1214 2559 sequatur
1226 2481 1242 2540 ς,

169 2591 243 2681 Sed
261 2589 345 2669 fatis
364 2588 830 2697 incertaferor,s1Jupiter
850 2616 964 2676 unam
1153 2617 1237 2679 rro

166 2726 255 2817 Effe
271 2724 360 2815 velit
376 2727 503 2838 Tyriis
520 2725 655 2812 urbem
672 2728 862 2837 Trojaque
880 2726 1066 2837 profediis,

168 2866 366 2957 Miscerive
384 2865 515 2975 probet
531 2866 703 2977 populos,
724 2886 789 2948 aut
805 2866 954 2948 foedera
967 2869 1087 2978 jungi,

170 3009 238 3097 Tu
258 3008 396 3113 conjux
412 3036 423 3123 ς
455 3007 523 3087 tibi
540 3006 595 3087 fas
613 3009 784 3099 animum
805 3026 943 3093 tentare
960 3009 1159 3117 precando.

171 3148 301 3252 Perge,
318 3142 458 3261 sequar.
477 3162 562 3225 tum
574 3147 625 3226 fic
643 3146 789 3255 excepit
806 3147 905 3254 regia
922 3148 1044 3253 Juno:

171 3286 334 3378 Mecum
362 3285 430 3362 erit
464 3284 530 3369 iste
558 3286 686 3377 labor;
718 3314 831 3383 nunc,
854 3315 931 3396 qua
970 3288 1108 3380 ratione
1135 3287 1242 3399 quod

355 3421 479 3522 instat,
1154 3456 1238 3541 115

172 3564 339 3653 Confiori
357 3541 478 3679 poffit,
493 3562 632 3673 paucis,
651 3564 810 3664 adverte,
830 3567 986 3660 docebo,

173 3707 367 3797 Venatum
387 3705 533 3785 Aeneas
556 3731 703 3814 unaque
717 3705 920 3787 miserrima
932 3705 1038 3799 Dido

173 3848 220 3940 ln
237 3871 371 3939 nemus
388 3844 441 3934 ire
456 3862 596 3961 parant,
607 3845 674 3926 ubi
690 3844 831 3955 primos
851 3843 1027 3937 crastinus
1050 3861 1160 3969 ortua·
1222 3929 1232 3941 ,

173 3983 362 4073 Extulerit
380 3983 508 4087 Titan,
528 3984 709 4094 radiisque
722 3984 893 4066 retexerit
912 3983 1058 4072 orbem.

175 4120 249 4216 His
264 4147 336 4243 rgo
348 4121 558 4243 nigrantem
568 4123 764 4223 commista
774 4123 952 4248 grandiae
964 4122 1240 4223 nimbumnao

1130 4264 1242 4357 Duru
