2940 5190
267 343 329 440 72
469 315 520 410 P.
542 315 821 412 'Vrnornrr
857 317 1136 428 Maronis

264 514 371 596 Hinc
388 501 510 596 omnis
527 515 630 624 largo
642 518 809 629 pubescit
826 518 934 599 vinea
949 517 1076 604 foetus
1243 551 1328 634 39⁰

264 654 513 764 complentur
529 655 712 768 vallesque
726 687 835 738 cavae
852 657 1031 769 saltusque
1047 661 1235 770 profisndi,

268 793 322 875 Et
336 821 577 903 quocumque
588 792 685 876 'deus
702 797 847 877 circum
860 815 970 905 caput
985 799 1062 905 egit
1076 798 1288 881 honestum.

264 934 369 1041 Ergo
382 935 451 1015 'rite
467 934 578 1015 suum
593 935 744 1018 Baccho
762 937 929 1018 dicemus
946 935 1131 1018 honorem
1185 990 1190 997 ·

263 1073 502 1155 Carminibus
518 1076 654 1184 patriis,
673 1076 865 1186 lancesque
878 1093 916 1157 et
933 1074 1008 1157 liba
1024 1076 1209 1159 feremus:

264 1210 318 1288 Et
333 1209 467 1293 duetus
481 1239 599 1293 comu
614 1212 723 1294 stabit
741 1215 838 1294 sacer
854 1213 981 1293 hircus
997 1214 1045 1294 ad
1064 1242 1180 1312 uam,
1244 1243 1298 1324 39
1306 1241 1327 1322 5

264 1346 496 1456 Pinguiaque
514 1350 553 1428 in
570 1352 729 1432 verubus
749 1352 1080 1432 torrebimus‘exta
1095 1350 1269 1434 columis.

264 1482 334 1566 Est
349 1485 463 1569 etiam
478 1484 543 1568 ille
560 1484 666 1568 labor
682 1489 853 1568 curandis
869 1489 1010 1585 vitibus
1022 1489 1124 1590 alter,

268 1626 344 1710 eui
373 1653 570 1736 nunquam
603 1627 774 1714 exluusti
803 1628 884 1718 satis
906 1629 984 1711 est:
1024 1658 1188 1740 namque
1220 1658 1334 1711 omne

451 1769 647 1875 quotannis

267 1903 421 2015 Terque
452 1924 656 2018 quaterque
689 1904 811 1994 solum
846 1904 1104 2008 scindendum,
1149 1907 1331 2017 glebaque

272 2124 278 2132 ⁴
447 2044 586 2128 verfis·
1312 2047 1314 2051 ⁴

265 2184 1331 2297 Aeternumfiangendabidentibus30mnelevandum4oo

207 2311 211 2319 ⁴
264 2324 415 2411 Fronde
425 2354 570 2409 nemus.
587 2326 858 2437 reditagricolis
872 2324 1286 2429 laboraeusinorbem,

265 2469 396 2575 Atque
413 2467 454 2547 in
464 2469 503 2550 se
521 2469 584 2548 sua
600 2496 665 2579 per
677 2469 828 2576 vestigia
839 2465 1000 2546 volvitur
1011 2494 1142 2554 annus.
1297 2529 1302 2538 .

122 2587 125 2598 Ι
190 2651 195 2660 -
266 2602 320 2690 Et
330 2605 412 2712 jam
425 2604 518 2686 olim
528 2606 622 2687 seras
640 2606 760 2715 posuit
778 2633 870 2685 cum
884 2605 990 2684 vinea
1003 2605 1165 2700 frondes,

265 2742 438 2852 Frigidus
454 2761 492 2825 et
508 2743 617 2852 sylvis
633 2743 777 2854 Aquilo
795 2742 949 2824 decuffit
966 2740 1174 2839 honorem3

267 2886 356 2992 Jam
372 2904 457 2969 tum
473 2915 556 2968 acer
570 2915 674 2969 curas
692 2887 901 2968 venientem
914 2885 1081 2966 extendit
1100 2885 1140 2965 in
1160 2912 1303 2966 annum

266 3025 455 3122 Rusticus,
472 3044 510 3105 et
526 3054 642 3106 curvo
661 3025 805 3104 Saturni
818 3023 928 3102 dente
943 3022 1111 3102 relittam
1243 3027 1329 3127 406

228 3264 231 3271 ι
266 3164 499 3273 Persequitur
514 3166 631 3244 vitem
647 3163 850 3260 attondens,
871 3160 1051 3269 fingitque
1064 3160 1242 3270 putando.

269 3296 416 3384 Primus
434 3299 598 3407 humum
611 3300 743 3397 fodito,
758 3299 901 3409 primus
914 3297 1066 3378 devecta
1081 3317 1247 3378 cremato

271 3442 473 3534 Sarmenta,
492 3457 529 3520 et
541 3438 655 3519 vallos
669 3439 812 3548 primus
823 3435 889 3517 sub
902 3437 998 3515 reru
1015 3435 1169 3519 refertos

94 3556 102 3565 ’
268 3581 481 3699 postremus
494 3580 637 3662 mesto.
668 3580 725 3660 us
740 3577 1195 3685 vissusngrutumsa,
1247 3607 1335 3686 410

78 3769 82 3783 .
126 3715 128 3719 ’
270 3721 333 3800 Bis
351 3721 512 3829 segetem
526 3719 646 3801 densrs
666 3717 859 3810 obducunt
876 3713 1215 3798 sensibushesbae:

270 3863 399 3948 Durus
415 3877 570 3968 uterque
589 3858 703 3940 labor.
734 3856 881 3938 laudato
897 3855 1060 3964 ingentia
1071 3881 1170 3951 rura,

269 4000 463 4109 Exiguum
478 3999 603 4089 colito.
620 4025 767 4081 necnon
783 3996 897 4076 etiam
913 3995 1037 4105 aspera
1047 3995 1143 4085 ,nasci

269 4136 425 4225 Vimine
442 4161 507 4257 per
525 4136 676 4247 sylvam,
696 4153 734 4219 et
745 4134 834 4246 ripis
848 4133 1009 4227 fluvialis
1023 4133 1167 4228 arundo
1237 4183 1240 4188 ·
1279 4138 1281 4143 ’
1320 4141 1326 4148 ’
1457 4238 1464 4247 Ι

1082 4330 1087 4340 »
1142 4275 1334 4394 caeditur,
