2940 5190
339 343 960 445 GrordrcA.L1a.IV.
1111 357 1205 477 107

126 560 181 643 Et
194 549 343 639 munire
359 552 478 653 favos,
509 565 547 633 et
564 548 730 632 Daedala
752 547 893 659 fingere
910 553 1020 636 todia.

128 702 185 781 At
200 695 308 780 fessae
327 694 447 775 multa
464 690 630 772 referunt
643 689 803 771 senone
816 690 994 794 minores,
1120 694 1207 784 180

128 841 250 922 Cmra
262 834 400 946 thymo
419 834 577 946 plenae:
610 829 810 940 pascuum
822 847 861 912 et
873 831 1004 912 arbuta
1018 833 1165 944 paffim,

128 981 182 1062 Et
213 976 364 1088 glaucas
403 974 543 1073 salices,
590 970 817 1078 casiamque,
859 998 1095 1083 crocumque
1142 975 1213 1085 rui⁴

190 1118 360 1216 bentem,
482 1173 486 1180 -
1210 1180 1217 1185 -

19 1341 22 1345 ,
129 1261 182 1344 Et
198 1261 384 1371 pinguem
399 1253 535 1351 tiliam,
564 1267 604 1334 et
621 1248 1103 1363 ferrugineosbyaclntbos.
1207 1320 1210 1325 .

130 1398 410 1484 Omnibusuna
425 1398 530 1505 quies
544 1419 716 1504 opemm,
749 1391 854 1474 labor
867 1394 1045 1476 omnibus
1057 1395 1171 1477 unus}

132 1539 255 1621 Mane
265 1554 381 1619 ruunt
391 1535 518 1646 portis,
547 1532 733 1642 nusquam
745 1560 870 1619 mora:
898 1532 1184 1618 rursuseasdem

131 1681 273 1791 Vesper
291 1680 358 1762 ubi
375 1677 519 1789 epastu
536 1677 691 1758 tandem
704 1677 882 1760 decedere
895 1679 1040 1791 campis
1127 1676 1214 1762 186

133 1820 363 1920 Admonuit,
395 1837 481 1899 tum
501 1819 598 1899 reeta
615 1835 761 1929 petunt,
795 1833 1216 1931 tumcorporacurantt

133 1964 197 2045 Fit
212 1962 362 2060 sonitus,
394 1959 631 2068 mussantque
649 1987 730 2039 oras
744 1976 781 2039 et
805 1959 937 2041 limina
953 1964 1112 2042 circum.

133 2100 235 2197 Post,
267 2102 333 2181 ubi
346 2105 428 2208 jam
452 2097 626 2179 thalamis
641 2097 678 2178 se
695 2099 952 2207 composuere,
984 2101 1111 2183 srletur

138 2242 185 2324 In
202 2244 369 2335 nostem,
384 2238 565 2347 fessosque
582 2238 692 2347 sopor
711 2237 796 2317 suus
808 2258 965 2348 occupat
984 2259 1095 2321 artus.
1134 2253 1218 2354 190

136 2381 225 2462 Nec
243 2407 370 2459 veroa
390 2376 542 2458 stabulis
555 2376 683 2486 pluvia
703 2376 944 2488 impendente
961 2379 1141 2461 recedunt

135 2521 319 2630 Longius,
351 2534 415 2599 aut
434 2519 593 2598 credunt
610 2517 717 2601 coelo
733 2520 1016 2606 adventantibus
1033 2525 1155 2612 eurise

138 2664 210 2746 Sed
223 2663 368 2744 circum
382 2677 483 2741 tutae
497 2659 565 2741 sub
579 2661 777 2743 moenibus
794 2660 896 2746 urbis
914 2685 1110 2776 aquantur,

139 2800 400 2909 Excursusque
420 2800 548 2882 breves
568 2819 734 2884 tentant:
764 2821 803 2884 et
818 2804 924 2916 saepe
941 2807 1100 2916 lapillos,

138 2948 195 3026 Ut
212 2942 371 3053 cymbae
383 2941 581 3039 instabiles,
596 2941 899 3052 fludlujatiante,
913 2944 1117 3049 saburram,
1137 2973 1186 3060 19
1191 2973 1217 3064 ς

141 3084 325 3167 Tollunt:
359 3080 418 3162 his
435 3081 506 3162 sese
524 3109 591 3192 per
613 3083 737 3164 inania
756 3083 885 3165 nubila
904 3083 1052 3171 librant.
1334 3071 1338 3081 ’

141 3225 258 3304 Illum
275 3223 369 3302 adeo
385 3220 561 3331 placuisse
579 3220 712 3331 apibus
729 3222 1086 3324 miraberemo'rem,

142 3366 257 3472 Quod
275 3391 344 3443 nec
362 3361 566 3442 concubitu
584 3360 792 3470 indulgent,
824 3391 895 3444 nee
909 3392 1066 3479 corpora
1075 3366 1203 3476 segnes

142 3504 188 3583 In
210 3503 398 3584 Venerem
419 3499 578 3599 solvunt,
610 3520 674 3582 aut
690 3501 812 3583 foetus
829 3503 980 3587 nixibus
994 3507 1112 3588 edunt
1125 3538 1143 3603 e,

142 3645 292 3726 Verum
314 3643 411 3754 ipsae
429 3671 450 3724 e
469 3643 568 3725 soliis
583 3661 688 3725 natos
705 3660 744 3724 et
763 3644 933 3728 suavibus
946 3644 1071 3729 herbis
1134 3672 1221 3730 eoo

145 3784 222 3864 Ore
237 3783 391 3893 legunt:
420 3783 519 3893 ipsae
536 3812 666 3893 regem
686 3782 891 3894 parvosque
909 3786 1074 3895 Qirites
1175 3831 1179 3839 ,

145 3923 366 4007 Sufficiunt:
397 3923 570 4033 aulasque
588 3942 625 4006 et
642 3952 748 4006 cerea
764 3951 878 4034 regna
893 3924 1095 4035 refingunt.
1315 3898 1323 3905 ι

144 4064 263 4174 Saepe
279 4065 395 4148 etiam
412 4066 515 4149 duris
531 4068 688 4150 errando
705 4066 746 4148 in
766 4066 912 4150 cotibus
932 4067 1008 4151 alas

144 4206 345 4312 Amisere,
371 4209 548 4323 ultroque
564 4211 735 4296 aninum
752 4211 820 4298 sub
837 4210 935 4298 fasce
952 4213 1103 4297 dedere
1300 4330 1303 4335 Ι

98 4366 102 4374 ’
1078 4347 1226 4433 Tantus
