2940 5190
197 325 295 444 322
396 313 751 411 P.V1aoru11
785 315 1069 415 Maao'rars

88 569 92 578 -
191 516 382 627 Concipit,
398 532 464 628 aut
478 517 645 628 graviora
660 515 781 618 timet,
797 546 917 629 quam
934 539 1055 605 morte
1073 500 1231 611 Sichaei.

193 659 299 768 Ergo
308 659 405 769 juffa
423 674 539 769 parat.

255 799 314 881 At
336 797 474 908 regina,
487 825 578 908 pyra
594 796 772 908 penetrali
792 797 832 880 in
844 795 941 897 sede,
955 799 1023 881 sub
1038 828 1143 884 auras

190 937 329 1022 naua
346 938 501 1048 ingenti,
517 936 634 1019 taedis
647 954 758 1050 atque
773 936 857 1020 ilice
873 937 981 1039 secta,
1171 964 1258 1055 505

192 1078 435 1190 Intenditque
452 1077 584 1161 locum
599 1077 713 1181 sertis,
728 1094 768 1158 et
783 1078 917 1161 fronde
932 1097 1086 1164 coronat

194 1216 385 1302 Funerea:
415 1217 523 1347 tiaper
540 1219 703 1320 exuvias,
719 1218 920 1332 ensemque
941 1218 1134 1320 resistatur,

170 1431 174 1437 .
196 1361 453 1473 Effigiemque
465 1379 548 1442 toro
565 1362 675 1460 locat,
690 1357 792 1442 haud
812 1363 941 1472 ignara
953 1361 1083 1451 futuri.
1261 1453 1265 1461 ,

195 1503 302 1585 Stant
317 1529 401 1584 arae
419 1501 576 1602 circum,
593 1520 632 1586 et
650 1499 769 1584 crines
793 1500 907 1586 effusa
919 1503 1084 1587 sacerdos
1110 1549 1113 1555 Δ
1181 1525 1265 1616 509

196 1641 433 1724 Tercentum
449 1658 553 1723 tonat
569 1669 633 1723 ore
651 1641 753 1740 deos,
762 1642 1021 1752 Erebumque,
1035 1639 1250 1753 Chaosque,

192 1780 546 1892 -Tergeminamque
560 1783 744 1877 Hecaten,
758 1782 828 1861 tria
843 1783 994 1890 virginis
1011 1810 1075 1864 ora
1094 1782 1252 1866 Dianae.
1285 1817 1287 1821 ⁷

198 1918 381 2030 Sparserat
397 1938 435 2002 et
453 1920 579 2000 latices
599 1918 787 2001 fimulatos
799 1918 913 2001 sontis
931 1920 1095 2003 Averni:

194 2055 372 2140 Falcibus
388 2073 427 2139 et
445 2057 580 2139 meffae
598 2058 646 2138 ad
663 2056 794 2140 lunam
811 2076 1040 2169 quaeruntur
1058 2058 1187 2141 ahenis

196 2193 385 2277 Pubentea
401 2192 550 2293 herbae,
567 2195 663 2306 nigri
684 2223 776 2278 cum
801 2196 896 2277 latre
916 2197 1073 2280 veneni:

197 2327 401 2443 Querinu
420 2355 458 2419 et
474 2336 652 2420 nascentis
670 2339 758 2447 equi
775 2340 824 2422 de
847 2338 969 2422 fronte
985 2338 1146 2428 revulsus
1179 2365 1264 2451 513

197 2477 252 2558 Et
265 2477 375 2558 matri
389 2497 614 2589 praereptus,
634 2504 752 2564 amor.

169 2612 172 2616 Δ
197 2616 283 2727 Ipsa
299 2616 401 2697 mola
418 2616 663 2725 manibusque
676 2619 758 2728 piis,
793 2616 920 2699 altaria
928 2616 1051 2727 juxta,

153 2813 161 2829 ,
198 2757 337 2838 Unum
353 2773 464 2842 exuta
476 2757 614 2867 pedem
629 2755 774 2855 vinclis,
790 2756 830 2838 in
843 2756 942 2838 veste
958 2756 1133 2864 aeciam,

128 2966 131 2970 .
200 2896 376 3004 Testatur
393 2872 572 2978 moritura
584 2897 685 2995 deos,
704 2913 743 2978 et
756 2897 901 2978 conscia
920 2897 988 2978 fati
1108 2948 1113 2957 ,
1182 2924 1267 3007 519

203 3039 352 3121 Sidera:
383 3052 489 3135 tum,
502 3036 529 3116 si
543 3036 648 3146 quod
672 3064 749 3117 non
769 3065 890 3146 aequo
907 3036 1057 3124 foedere
1074 3052 1240 3116 amantes

201 3178 324 3259 curae
342 3200 484 3261 numen
509 3172 634 3272 habet,¹
663 3175 894 3285 justumque,
919 3201 1156 3283 memorque,
1185 3200 1272 3283 pre·

384 3332 499 3400 catur.
1208 3411 1212 3420 ι

153 3536 155 3543 .
202 3458 299 3543 Nox
316 3473 406 3556 erat,
425 3470 463 3533 et
479 3451 671 3564 placidum
693 3455 892 3565 carpebant
916 3451 1003 3535 sessa
1019 3452 1192 3562 soporem

202 3577 372 3709 Corpora
390 3621 456 3707 per
473 3610 595 3693 terras,
617 3593 798 3704 silvaeque
811 3614 849 3676 et
865 3593 966 3713 saeva
980 3592 1149 3703 quierant

206 3742 406 3850 Aequona3
424 3761 516 3817 erun
533 3733 663 3815 medio
679 3734 875 3815 volvuntur
892 3731 1006 3812 sidera
1032 3730 1136 3843 lapsu
1150 3769 1163 3831 ς
1185 3758 1272 3844 524

205 3881 311 3964 Cum
323 3893 418 3957 tacet
433 3873 556 3956 omnis
563 3900 674 3983 ager,
693 3874 865 3986 pecudes,
880 3872 1075 3982 pitiaoque
1092 3869 1274 3972 volucres,

208 4017 393 4124 Quaeque
403 4012 504 4096 lacus
511 4014 582 4095 late
590 4014 764 4125 liquidos,
772 4039 941 4122 quaeque
953 4010 1214 4124 asperadurnis

208 4156 313 4247 Rura
333 4172 471 4259 tenent,
483 4154 615 4242 somno
631 4154 767 4271 posttae
784 4154 852 4279 sub
870 4156 981 4248 noue
1001 4154 1120 4238 silenti

1091 4289 1278 4388 Lenibaot
