2940 5190
297 284 403 477 ist
525 336 579 433 Ρ.
617 336 894 447 Vinernu
926 335 1204 469 Meropus

290 538 502 629 includunt
519 563 631 618 caeco
644 534 761 636 lateri,
775 535 996 648 penitusque
1015 565 1189 620 cavernas

291 684 471 792 ingentes
481 694 707 789 &nuxque
723 695 868 761 umato
886 676 1007 769 milne
1024 678 1231 793 complent.
1320 709 1384 768 20

292 823 363 909 Est
374 822 416 905 in
425 820 627 930 conspectu
642 818 833 913 Tenedos,
847 818 1034 899 notiffima
1048 817 1152 900 fama

289 964 431 1067 Insula,
441 965 543 1045 dives
555 990 688 1073 epten,
702 961 844 1043 Priami
861 961 958 1042 dnm
975 989 1088 1073 regna
1099 962 1337 1077 manebant,

292 1106 413 1191 Nunc
430 1121 578 1186 tantum
587 1103 699 1202 finus,
712 1119 751 1180 et
767 1100 874 1180 statio
884 1099 985 1181 male
1002 1101 1079 1181 fida
1097 1103 1252 1187 carinis:
1312 1211 1318 1219 ἱ

293 1248 388 1330 Huc
402 1245 439 1327 se
454 1244 621 1356 provedti
632 1241 777 1323 deserto
789 1241 830 1321 in
848 1239 955 1330 litore
975 1241 1155 1329 condunt.

204 1494 210 1505 ἦ
294 1389 382 1473 Nos
398 1385 523 1466 abiiffe
542 1383 624 1479 rati,
645 1402 682 1461 et
702 1401 814 1463 vento
824 1380 966 1492 petiiffe
977 1382 1177 1491 Mycenas.
1318 1413 1343 1474 2
1351 1410 1376 1501 ς

205 1554 209 1561 ’
293 1531 400 1637 Ergo
413 1524 537 1606 omnis
559 1522 675 1630 longo
697 1522 804 1637 splvit
818 1522 854 1605 se
867 1523 1032 1605 Teucria
1050 1522 1182 1606 ludin:

293 1668 514 1752 Panduntur
532 1683 682 1775 portae:
705 1668 812 1774 juvat
831 1667 896 1760 ire,
916 1682 953 1746 et
972 1667 1114 1747 Dorica
1126 1664 1256 1766 castra,

294 1806 544 1917 Desertosque
559 1805 683 1885 videre
704 1803 818 1903 locos,
840 1805 1000 1915 litusque
1013 1805 1200 1890 relictum.

296 1951 377 2035 Hic
389 1947 588 2061 Dolopum
601 1975 749 2046 uranus,
770 1945 834 2030 hic
848 1947 973 2029 saevm
988 1948 1162 2031 tendebat
1179 1934 1397 2061 Achilles}

295 2091 480 2175 Claffibus
503 2088 567 2172 hic
592 2087 723 2187 locus;
752 2087 816 2171 hic
838 2090 935 2171 acies
945 2109 1084 2173 certare
1102 2090 1281 2179 solebant.
1316 2064 1376 2211 gp

294 2235 386 2323 Pars
400 2231 522 2345 stupet
534 2231 713 2342 innuptae
730 2231 878 2329 donum
898 2231 1046 2313 exitiale
1065 2232 1282 2335 Minervae,
1324 2216 1329 2227 ¹

294 2374 348 2456 Et
360 2373 506 2459 molem
518 2372 701 2461 mirantur-
717 2373 828 2481 equi:
858 2373 1075 2483 primusque
1089 2372 1330 2484 Thymoetes

295 2517 401 2603 Duci
414 2488 659 2601 'intramuros
672 2512 854 2616 hortatur,
874 2534 911 2596 et
930 2544 1013 2598 arce
1033 2515 1171 2616 locari3

296 2655 383 2739 Sive
396 2653 499 2753 dolo,
518 2634 668 2762 seujam
679 2654 816 2760 Trojae
834 2654 884 2735 fic
895 2655 969 2735 fata
980 2656 1158 2738 ferebant.

295 2794 354 2875 At
366 2794 503 2904 Capyn,
518 2810 555 2874 et
573 2819 739 2901 quorum
757 2791 892 2874 melior
903 2793 1079 2875 sententia
1097 2795 1230 2894 menti,
1318 2827 1341 2911 3
1350 2827 1378 2913 5

295 2936 382 3020 Aut
400 2933 533 3046 pelago
551 2935 730 3017 Danaum
744 2934 890 3015 infidias
905 2934 1143 3046 suspectaque
1161 2937 1273 3035 dona,
1328 2926 1331 2930 ⁵

295 3073 543 3184 Praecipitare
547 3074 695 3180 jubent,
712 3076 954 3184 subjectisque
973 3105 1078 3158 urere
1094 3076 1282 3177 flammis;

298 3215 382 3301 Aut
400 3212 581 3295 terebrare
600 3240 706 3293 cavas
724 3214 818 3294 uteri
831 3233 869 3294 et
888 3233 1027 3297 tentare
1043 3215 1208 3302 latebras.

298 3350 488 3434 Scinditur
500 3352 686 3432 incertum
704 3352 824 3434 studia
838 3355 878 3435 in
892 3356 1073 3436 contraria
1090 3356 1236 3467 vulgus,

296 3493 449 3580 Primus
460 3491 513 3573 ibi
521 3508 605 3573 ante
624 3520 767 3590 omnes,
788 3500 1138 3604 magnacomitante
1150 3518 1308 3597 caterva,
1318 3526 1381 3610 49

298 3639 481 3722 Laocoon
494 3634 626 3723 ardens
639 3634 788 3723 summa
800 3637 961 3724 decurrit
977 3643 1136 3732 abarce.

294 3778 351 3867 Et
362 3775 508 3889 procul,
528 3780 565 3858 Ο
585 3777 720 3877 miseri,
742 3806 838 3889 quae
851 3799 952 3861 tanta
964 3781 1113 3882 insania,
1134 3783 1254 3866 cives?

299 3918 461 3999 Creditis
470 3924 618 4003 avectos
636 3919 786 4004 hostes?
806 3939 870 4003 aut
885 3921 962 4002 ulla
979 3925 1116 4033 putatis
1356 3912 1362 3919 ’

299 4061 548 4143 Donacarere
562 4063 656 4143 dolis
668 4065 874 4147 Danaum?
893 4066 942 4146 fic
954 4085 1065 4149 notus
1077 4065 1253 4178 Ulylles?
1336 4178 1339 4187 1

161 4314 169 4323 ἢ
297 4204 380 4285 Aut
390 4199 466 4285 hoc
482 4200 615 4295 nuufi
628 4201 732 4323 ligno
749 4205 984 4305 occultantia·
998 4205 1158 4314 Achivi,
1315 4233 1380 4321 45

1294 4351 1381 4432 Aut
