2940 5190
379 380 698 472 Gnoncrca
752 375 871 467 L1u.
907 376 943 469 1.
1142 407 1229 504 45¹

136 583 236 665 Non
251 579 367 680 aliter,
382 607 499 690 quam
513 579 580 689 qui
600 576 748 657 adverso
766 577 829 657 vix
848 576 1004 658 flumine
1025 574 1198 662 lembum

141 717 329 826 Remigiis
344 718 503 827 subigit:
535 718 563 797 s1
580 715 729 796 brachia
742 714 836 795 sorte
854 717 1003 814 remifit,

141 857 270 965 Atq'ue
290 854 458 938 illumin
477 885 650 967 praeceps
668 883 786 965 prono
801 855 896 964 rapit
914 854 1038 936 alveus
1049 859 1164 939 amni.

141 995 333 1074 Praeterea
346 1012 426 1074 tam
439 994 522 1074 sunt
534 995 688 1073 Arcturi
699 993 814 1073 fidera
826 994 932 1073 nobis

139 1129 442 1241 Hoedorumque
450 1131 527 1212 dies
534 1131 710 1227 servandi,
722 1149 759 1212 et
774 1131 919 1213 lucidus
936 1134 1103 1240 Anguis;
1125 1163 1179 1218 20
1187 1165 1212 1247 5

142 1273 273 1368 Quam
291 1272 427 1382 quibus
445 1272 484 1352 in
501 1274 659 1382 patriam
670 1271 818 1353 ventosa
831 1300 896 1381 per
916 1302 1074 1383 aequora
1085 1277 1198 1356 vestis

139 1410 284 1491 Pontus
302 1428 339 1489 et
356 1408 512 1491 ostriferi
530 1410 656 1493 fauces
677 1428 861 1490 tentantur
879 1411 1022 1521 Abydi.

142 1545 261 1625 Libra
281 1545 342 1625 die
354 1547 550 1658 somnique
563 1577 666 1659 pares
684 1548 750 1629 ubi
765 1547 893 1630 fecerit
909 1549 1030 1651 horas,

139 1683 194 1766 Et
212 1684 383 1767 medium
396 1686 471 1768 luci
489 1709 599 1799 atque
614 1688 757 1770 umbris
763 1692 846 1796 jam
864 1691 1002 1773 dividet
1019 1691 1174 1774 urbem:

140 1827 334 1929 Exercete,
353 1830 435 1928 viri,
453 1848 591 1932 muros,
607 1833 710 1914 serite
730 1831 871 1915 hordea
885 1836 1040 1946 campis,
1124 1864 1212 1922 210

141 1967 270 2076 Usque
284 1969 351 2050 sub
361 1988 576 2055 extremum
591 1974 745 2054 brumae
759 1975 995 2057 intradtabilis
1013 1976 1191 2060 imbrem.

141 2102 325 2185 Necnon
346 2125 385 2186 et
398 2107 466 2188 lini
483 2109 657 2216 segetem,
677 2125 714 2186 et
731 2108 884 2188 Cereale
902 2135 1059 2217 papaver

139 2246 317 2360 Tempus
347 2247 469 2330 humo
502 2268 639 2357 tegere,
673 2265 710 2328 et
735 2247 968 2355 jamdudum
996 2248 1213 2331 incumbere

329 2391 455 2469 aratris
469 2419 481 2470 ε

141 2525 254 2607 Dum
269 2523 364 2609 ficca
381 2527 513 2610 tellure
528 2525 627 2627 licet,
647 2527 743 2649 dugn
760 2526 888 2625 nubila
904 2527 1078 2639 pendent.

140 2665 241 2749 Vere
253 2667 348 2749 fabis
356 2668 465 2751 satio:
481 2686 610 2752 tumte
628 2698 794 2779 quoque,
808 2670 975 2783 Medica,
989 2689 1115 2781 putres
1126 2697 1148 2757 2
1160 2700 1174 2756 1
1185 2700 1210 2783 ς

140 2805 347 2915 Accipiunt
363 2808 453 2888 sulci
469 2849 481 2906 3
513 2826 551 2889 et
568 2808 676 2888 milio
689 2809 790 2888 venit
810 2837 933 2890 annua
950 2839 1063 2894 cura:

140 2943 334 3027 Candidus
351 2948 483 3029 auratis
503 2948 619 3058 aperit
637 2975 728 3027 cum
742 2949 915 3029 comibus
928 2976 1071 3028 annum

140 3085 304 3184 Taurus,
318 3105 355 3167 et
371 3089 495 3170 averso
509 3088 642 3171 cedens
653 3089 765 3169 Canis
779 3088 915 3170 occidit
928 3088 1037 3175 astro·

142 3223 238 3306 Atfi
257 3225 440 3306 triticeam
453 3227 492 3307 in
511 3225 666 3306 messem
684 3225 907 3335 robustaque
924 3225 1022 3307 farra

142 3361 348 3446 Exercebis
361 3365 540 3466 humum,
556 3365 711 3476 solisque
726 3365 875 3447 instabis
893 3368 1030 3451 aristis:
1127 3397 1214 3455 220
1329 3484 1333 3497 ι

145 3506 250 3586 Ante
269 3506 337 3588 tibi
353 3509 457 3589 ane
476 3507 684 3588 Atlantides
702 3505 982 3606 abscondantur,
1122 3497 1126 3505 ⁸

8 3698 15 3710 ·
143 3643 358 3756 Gnofiaque
371 3648 530 3729 ardentis
548 3647 701 3728 decedat
713 3645 817 3726 stella
836 3675 1020 3746 coronae3

142 3781 285 3867 Debita
303 3815 420 3897 quam
438 3787 546 3870 sulcis
564 3787 776 3868 committas
794 3786 945 3884 semina,
965 3812 1156 3896 quamque

143 3925 290 4006 Invitae
307 3955 479 4039 properes
497 3929 584 4010 anni
597 3927 702 4036 spem
723 3924 872 4008 credere
891 3943 1019 4010 terrae.

142 4061 270 4143 Multi
286 4084 370 4148 ante
386 4068 562 4150 occasum
578 4067 706 4148 Maiae
723 4091 902 4173 coepere:
932 4064 995 4185 sed
1012 4061 1095 4147 illos
1128 4089 1181 4149 22
1189 4089 1214 4185 5

141 4204 352 4317 Expectata
368 4206 467 4321 seges
485 4209 587 4294 vanis
603 4207 707 4290 elusrt
727 4203 865 4305 aristis„
1010 4206 1013 4211 ’
1203 4312 1208 4321 ,

453 4334 459 4342 ·
733 4341 740 4350 ’
1184 4336 1222 4419 ti
