2940 5190
351 353 966 463 Groaorcr.1L1an.
1113 389 1202 471 ιιι

123 574 298 680 Tempus
317 581 356 646 et
370 563 523 645 Arcadii
544 559 790 644 memoranda
806 557 956 643 inventa
968 557 1137 671 magistri

123 711 305 812 Pandere,
340 733 492 817 quoque
506 690 625 784 modo
638 702 750 783 caefis
761 702 844 810 jam
857 702 962 814 saepe
974 703 1145 811 juvencis
1186 798 1191 809 ‚

127 853 332 936 Infincerus
350 875 436 959 apes
455 844 580 926 tulerit
599 869 721 924 cruor.
748 840 858 924 altius
875 871 1033 926 omnem
1116 843 1203 961 285

124 993 351 1106 Expediam,
383 988 506 1098 prima
523 996 691 1095 repetens
709 981 757 1063 ab
778 984 934 1093 origine,
965 985 1125 1072 famam,

126 1138 234 1218 Nam
254 1161 330 1242 qua
351 1127 491 1211 Pellaei
508 1151 599 1234 gens
617 1123 803 1205 fortunata
819 1125 967 1235 Canopi

126 1275 279 1357 Accolit
296 1271 414 1354 effuso
435 1269 668 1377 stagnantem
687 1263 845 1347 flumine
858 1264 1014 1367 Nilum,

127 1417 180 1496 Et
200 1415 346 1493 circum
368 1408 477 1520 pistis
494 1404 642 1489 vehitur
659 1402 723 1484 sua
742 1431 827 1485 rura
840 1402 998 1516 phaselis
1010 1445 1025 1505 5
1093 1436 1100 1445 ·
1192 1482 1197 1487 .

126 1559 291 1664 Qaque
306 1550 536 1663 pharetratae
554 1548 688 1631 vicinia
702 1547 857 1629 Persidis
877 1566 996 1659 urget,
1119 1574 1206 1662 290

123 1699 177 1779 Et
194 1693 354 1776 viridem
372 1694 593 1802 Aegyptum
609 1690 714 1798 nigra
728 1688 930 1770 foecundat
947 1717 1071 1790 arene,

128 1836 182 1918 Et
198 1836 337 1916 diversa
354 1862 464 1916 ruens
481 1833 623 1943 septem
641 1831 810 1913 discurrit
827 1832 866 1914 in
886 1861 952 1914 ora
1036 1842 1047 1864 ⁴

127 1976 259 2086 Usque
279 1975 451 2058 coloratis
464 1975 585 2053 amnis
602 1972 766 2053 devexus
788 1973 836 2050 ab
852 1973 983 2053 ludis:

126 2115 265 2196 Omnis
284 2115 323 2193 in
336 2111 409 2193 hac
426 2128 565 2191 certam
582 2112 684 2218 regio
695 2111 787 2219 jacit
804 2127 881 2191 arte
898 2110 1068 2193 salutem.

128 2257 300 2364 Exiguus
311 2255 493 2366 primum,
508 2269 621 2358 atque
633 2250 730 2359 ipsos
742 2255 949 2330 contractus
963 2250 1011 2329 ad
1021 2248 1107 2331 usus
1121 2275 1174 2360 29
1181 2275 1205 2362 ς
1298 2232 1308 2246 ⁸

45 2480 50 2489 ,
128 2391 292 2500 Eligitur
310 2390 444 2469 locus:
475 2385 578 2467 hunc
592 2386 812 2497 angustique
831 2387 987 2469 imbrice
1001 2387 1090 2468 teeti
1253 2484 1255 2489 Α

131 2527 410 2638 Parietibusque
423 2545 600 2636 premunt
612 2527 733 2631 aretis,
765 2545 802 2608 et
815 2546 974 2638 quatuor
984 2528 1140 2626 addunt,
1287 2553 1292 2559 ·
1415 2568 1419 2577 ·

130 2674 304 2779 Qatuor
320 2700 342 2752 a
356 2671 473 2752 ventis
487 2670 640 2780 obliqua
656 2670 742 2753 luce
754 2670 943 2755 fenestras.

129 2815 241 2891 Tum
255 2811 407 2908 vitulus,
438 2812 541 2891 bima
556 2813 800 2920 curvansjam
821 2840 962 2895 cornua
978 2810 1116 2910 fronte,

129 2953 354 3057 Queritur:
373 2950 463 3031 huic
481 2946 654 3059 geminae
673 2980 791 3052 nares,
812 2970 850 3033 et
866 2952 1012 3063 spiritus
1025 2950 1099 3032 orit
1120 2977 1207 3064 300

129 3090 260 3174 Multa
278 3091 473 3174 reluctanti
491 3090 702 3191 obstruitur,
733 3091 924 3202 plagisque
938 3108 1137 3204 perempto

130 3233 261 3314 Tunsa
283 3262 349 3343 per
370 3235 555 3342 integram
574 3233 765 3316 solvuntur
784 3234 920 3317 viscera
936 3232 1091 3347 pellem.
1238 3264 1241 3269 ·

45 3439 59 3459 .
132 3375 192 3454 Sic
210 3375 371 3483 posrtum
386 3375 427 3455 in
445 3374 568 3456 clauso
584 3375 759 3486 linquunt
783 3393 821 3459 et
838 3403 963 3461 ramea
980 3375 1092 3459 costis

131 3514 340 3624 Subjiciunt
356 3513 578 3622 fragmenta,
608 3514 806 3626 thymum,
836 3516 1211 3626 casrasqueroeentet.

131 3654 221 3734 Hoc
236 3654 388 3763 geritur,
414 3653 589 3764 zephyris
602 3656 770 3764 primum
783 3653 1064 3767 impellentibus
1079 3651 1211 3752 undae,

132 3796 234 3874 Ante
252 3795 357 3875 novis
374 3792 530 3876 rubeant
545 3815 661 3906 quam
675 3814 778 3906 prata
792 3795 992 3892 coloribus,
1020 3810 1107 3876 ante
1120 3796 1208 3906 30⁶

133 3935 294 4014 Garrula
311 3961 429 4044 quam
446 3938 557 4047 tignis
576 3937 712 4020 nidum
729 3936 923 4049 suspendat
935 3934 1114 4024 huundo.

27 4139 36 4153 .
135 4076 280 4156 Interea
298 4074 434 4157 teneris
452 4079 656 4189 tepefactus
672 4082 713 4162 in
730 4080 869 4164 offibus
886 4078 1029 4165 humor
1172 4087 1173 4091 ‘

134 4214 302 4320 Aestuat,
333 4233 372 4308 et
390 4217 538 4340 visenda
556 4220 682 4341 modia
696 4222 870 4313 urinalia
887 4225 1006 4328 miris,

153 4410 157 4418 -
1056 4360 1215 4450 Trunca·
