2940 5190
242 356 339 463 tao
414 357 1089 455 P.V1nc1n11Mnuonrs

236 560 400 646 Amifl'os
416 560 581 669 queritur
598 559 719 641 foetus
733 598 746 657 3
778 586 872 668 quos
888 557 1002 639 durus
1018 574 1137 639 arator

236 701 444 783 Observans
461 699 551 781 nido
569 698 785 808 implumes,
816 699 974 816 detraxit
984 735 997 796 3
1027 714 1066 777 at
1085 696 1150 777 illa

236 840 323 923 Flet
341 843 505 939 nostem,
537 868 716 949 ramoque
737 838 863 920 sedens
875 836 1079 918 miserabile
1092 861 1244 919 carmen

238 983 414 1093 Integrat,
445 997 483 1062 et
496 981 647 1063 moestis
659 979 732 1062 lata
747 979 831 1060 loca
843 977 1032 1089 qualibus
1043 978 1190 1090 implet.
1224 999 1307 1086 515

239 1122 360 1206 Nulla
373 1123 515 1221 Venus,
546 1120 716 1231 nullique
729 1120 904 1207 ¹animum
917 1117 1059 1201 'flexere
1077 1114 1287 1228 hymenaei.

240 1263 349 1346 Solus
363 1262 623 1372 Hyperboreas
633 1261 785 1372 glacies,
813 1260 1055 1369 Tanaimque
1072 1257 1247 1353 nivalem,

242 1403 419 1510 Arvaque
443 1399 623 1509 Riphaeis
635 1426 831 1508 nunquam
843 1398 990 1479 viduata
1009 1395 1151 1507 pruinis

242 1535 452 1635 Lutrabat,
483 1552 631 1644 raptam
645 1533 872 1642 Eurydicen,
903 1551 1014 1642 atque
1031 1532 1132 1615 irrita
1150 1531 1249 1614 Ditis

245 1674 359 1755 Dona
381 1697 549 1781 querens.
580 1670 698 1779 spreto
721 1671 911 1753 Ciconum
939 1697 1017 1779 quo
1044 1695 1200 1751 munere
1227 1694 1311 1748 ma·

303 1828 389 1907 tres,
1223 1833 1309 1919 5²0

245 1947 347 2034 inter
359 1949 459 2031 sacra
471 1947 601 2048 deum,
631 1947 878 2059 nocturnique
891 1946 995 2058 orgia
1011 1943 1167 2061 Bacchi,¹

247 2088 488 2200 Discerptum
503 2087 782 2197 latosjuvenem
801 2087 957 2199 sparsere
969 2112 1037 2197 per
1051 2112 1170 2195 agros.

247 2229 357 2309 Tum
395 2254 548 2337 quoque
589 2246 798 2315 marmoren
847 2240 961 2338 caput
1004 2253 1029 2306 a
1071 2226 1213 2306 cervice
1254 2251 1314 2308 re·

306 2364 489 2463 vulsum,-

249 2502 411 2610 Gu'rgite
425 2528 516 2583 cum
530 2502 658 2584 medio
678 2519 826 2611 portans
843 2502 1025 2613 Oeagrius
1039 2501 1191 2583 Hebrus

249 2639 439 2741 Volveret,
470 2620 684 2749 Eurydicen
697 2670 771 2723 vox
784 2642 860 2754 ipsa
872 2660 910 2724 et
925 2642 1060 2762 frigida
1072 2641 1210 2752 lingua,
1231 2668 1281 2751 5²
1290 2669 1313 2750 ς

251 2779 319 2865 Ah
337 2781 510 2863 miseram
522 2781 760 2890 Eurydicen!
792 2783 917 2863 anima
933 2780 1113 2892 fugiente,
1141 2782 1315 2866 vocabat:

249 2921 447 3029 Euydicen
461 2938 540 3010 toto
555 2919 759 3005 referebant
777 2920 934 3004 flumine
950 2922 1064 3032 ripae.

253 3060 362 3147 Haec
373 3063 552 3147 Proteus:
581 3062 671 3145 etse
683 3065 787 3166 Jattu
803 3062 906 3143 dedit
923 3090 1061 3171 aequor
1079 3063 1120 3146 in
1133 3064 1276 3159 altum3

254 3197 418 3304 Quaque
460 3196 574 3295 dedit,
622 3196 856 3307 spmnantem
895 3200 1038 3289 undam
1078 3200 1146 3281 sub
1184 3201 1318 3281 vertice

314 3334 428 3420 tor'fit.
1232 3369 1316 3449 5²9

255 3473 311 3562 At
326 3498 404 3555 non
416 3473 562 3580 Cyrene
579 3500 591 3558 t
610 3500 775 3583 namque
792 3475 889 3557 ultro
907 3476 1016 3559 affata
1029 3476 1226 3557 timentem
1247 3512 1258 3560 ε

256 3612 372 3710 Nate,
401 3611 487 3695 licet
505 3611 620 3694 tristes
636 3615 764 3695 animo
777 3615 960 3727 deponere
973 3644 1089 3698 curas.

258 3749 367 3837 Haec
390 3750 513 3837 omnis
534 3751 657 3837 morbi
681 3752 810 3839 causa:
846 3753 936 3835 hinc
960 3753 1164 3836 miserabile
1192 3755 1322 3867 Nym,

319 3887 429 4000 phae,

258 4023 364 4110 cun
384 4026 520 4136 quibus
538 4027 601 4109 illa
620 4028 754 4113 choros
773 4031 865 4112 lucis
879 4031 1039 4142 agitabat
1055 4032 1096 4115 in
1112 4033 1205 4133 altis,
1341 4108 1346 4119 .

260 4160 433 4290 Exitium
454 4165 585 4256 misere
603 4169 744 4285 apibus.
775 4187 817 4255 tu
832 4199 988 4262 munera
1007 4173 1162 4287 supplex

1189 4309 1322 4401 'sende
