2940 5190
368 409 379 435 μ’
469 286 1081 406 Asus·1nos.L1s.IV.
1197 312 1295 410 229

228 500 263 600 1,
283 497 396 596 soror,
418 487 530 604 atque
548 492 697 595 hostem
721 487 878 599 supplex
901 485 1013 568 affare
1027 485 1253 600 superbum:

183 641 202 675 ·“
229 641 326 724 Non
338 665 410 750 ego
422 663 513 719 cum
534 635 674 717 Danais
686 622 891 740 Trojanam
901 628 1112 713 exscindere
1129 647 1282 740 gentem

229 778 370 862 Aulide
382 777 517 888 juravi,
537 775 733 858 classemve
752 771 800 851 ad
812 772 994 877 Pergama
1006 771 1115 866 mifir'
1207 771 1296 880 426

228 918 317 1000 Nec
332 917 444 1028 patris
461 914 647 997 Anchisae
661 913 804 994 cineres
820 907 992 991 manesve
1007 908 1145 991 revelli.

230 1056 312 1140 Cur
327 1043 419 1139 'mea
435 1055 535 1136 diua
556 1070 666 1162 negat
690 1052 800 1131 duras
815 1048 1011 1132 demittere
1026 1050 1066 1129 in
1079 1053 1212 1131 aures?

234 1198 328 1303 Qo
361 1196 475 1278 ruit?
519 1212 732 1275 extremum
765 1186 842 1271 hoc
879 1186 1030 1270 miserae
1069 1189 1134 1269 det
1164 1213 1304 1270 munus

423 1333 597 1416 amanti:
1060 1434 1064 1440 .

235 1476 436 1587 Exspediet
444 1474 669 1583 facilemque
681 1474 827 1583 fugam,
835 1471 1035 1581 ventosque
1043 1471 1304 1583 ferentes.43o

235 1618 332 1702 Non
340 1619 425 1722 jam
442 1617 662 1725 conjugium
672 1615 998 1723 antiquum,quod
1013 1615 1193 1726 prodidit,
1207 1641 1293 1695 oro:

238 1754 326 1839 Nec
337 1753 498 1865 pulchro
512 1774 554 1834 ut
566 1754 674 1835 Latio
688 1770 820 1849 careat,
833 1780 1067 1861 regnumque
1081 1752 1277 1861 relinquat.

238 1890 414 2007 Tempus
426 1897 535 1977 inane
547 1915 647 2006 peto,
660 1895 831 2003 requiem
846 1878 1080 2005 spatiumque
1099 1894 1230 1996 surori,

248 2035 359 2120 Dum
375 2062 461 2116 mea
479 2062 543 2114 me
563 2035 702 2114 vidtam
719 2034 850 2115 doceat
867 2033 1016 2113 fortuna
1032 2035 1170 2118 dolere.

240 2176 465 2283 Extremam
480 2172 578 2254 hanc
590 2202 658 2256 oro
666 2175 839 2254 veniam:
859 2173 1032 2254 miserere
1049 2174 1201 2259 sororis:
1222 2209 1276 2289 43
1285 2208 1310 2292 ς

208 2358 226 2393 .=
245 2319 376 2425 Qam
408 2312 506 2394 mihi
539 2312 631 2393 cum
652 2312 798 2399 dederis
828 2312 1073 2411 cumulatam,
1106 2335 1226 2431 morte
1254 2348 1314 2404 κ.
1414 2338 1419 2426 j

431 2452 611 2533 mittam·
681 2550 684 2555 .

297 2591 457 2673 Talibus
472 2591 610 2695 orabat,
632 2591 793 2700 talesque
813 2589 1016 2689 miserrima
1027 2589 1135 2675 fietus

246 2730 410 2838 Fertque
424 2725 610 2837 refertque
628 2729 754 2810 soror:
785 2728 847 2809 sed
873 2728 985 2809 nullis
1002 2730 1064 2811 ille
1085 2750 1256 2836 movetur

246 2865 429 2967 Fletibus,
443 2844 635 2949 aut-voces
647 2867 741 2950 ullas
758 2866 955 2948 trattabilis
975 2868 1089 2949 audit.

247 3006 342 3086 Fata
355 3005 511 3103 obstant,
528 3005 762 3116 placidasque
769 3005 837 3085 viri
845 3006 935 3088 deus
943 3005 1219 3090 obstruitaures.
1229 3037 1318 3118 440

253 3149 316 3227 Ac
336 3145 465 3250 veluti,
484 3146 623 3228 annoso
642 3146 804 3227 validam
822 3174 913 3228 cum
932 3148 1064 3257 robore
1077 3177 1262 3257 quercum

253 3284 385 3395 Alpini
407 3285 552 3385 boreae,
570 3313 672 3370 nunc
683 3283 786 3385 hinc,
805 3314 908 3368 nunc
924 3284 1202 3392 flatibusillinc,
1311 3260 1316 3266 ’

252 3425 394 3512 Eruere
413 3424 557 3505 interse
570 3443 738 3523 certant,
761 3426 789 3505 it
807 3424 954 3525 stridor,
974 3428 1095 3509 etalte

135 3563 140 3571 ’
208 3565 210 3569 ’
253 3563 506 3646 Constemunt
521 3581 660 3646 terram
680 3565 857 3646 concusso
869 3565 990 3674 stipite
1005 3564 1180 3648 frondes:
1308 3543 1313 3551 ’

256 3701 340 3811 lp'sa
351 3699 477 3784 haeret
494 3703 680 3816 scopulis:
709 3720 761 3801 et,
778 3721 962 3813 quantum
981 3707 1114 3784 vertice
1133 3706 1180 3784 ad
1192 3732 1297 3785 auras

256 3836 466 3935 Aetherias,
491 3840 786 3922 tantum'radice
809 3841 849 3919 in
866 3857 998 3920 tartara
1015 3841 1144 3924 tendit.
1237 3846 1327 3951 44⁶

258 3975 377 4059 Haud
387 3975 490 4058 secus
509 3979 658 4061 affiduis
680 3976 773 4059 hinc
792 3976 1012 4087 atquehinc
1034 3981 1187 4062 vocibus
1206 3981 1317 4077 heros
1450 4052 1453 4057 ,

249 4115 468 4242 ,Τωιάἰτη
488 4135 526 4203 et
543 4146 682 4235 magno
700 4119 873 4242 persentit
890 4123 1183 4246 pedore-curas:
1301 4220 1311 4248 ι

560 4259 570 4272 ’
755 4258 817 4381 Q'
829 4307 853 4392 3
1118 4265 1125 4274 ’
1220 4279 1348 4368 Mens
