2940 5190
168 384 172 390 ’
282 415 342 515 52
484 376 536 485 P.
570 369 837 484 Vrnurtrr
872 391 1149 492 Minours

276 592 385 673 Turn
396 593 526 672 cornix
541 593 649 702 plena
665 593 833 702 pluviam
850 610 957 674 vocat
969 595 1141 705 improba
1154 625 1257 698 voce,-

275 732 328 809 Et
343 730 417 809 sola
437 732 478 811 in
498 733 591 813 ficca
608 733 735 817 secum
750 732 922 843 spatianu
935 763 1055 818 arena.

274 867 361 951 Nec
379 875 559 953 nocturna
575 874 732 982 quidem
743 893 931 984 carpentes
951 877 1060 985 pensa
1076 879 1220 988 puellae
1253 899 1338 991 390

276 1009 474 1091 Nescivere
486 1011 689 1121 hyemem:
719 1013 810 1094 testa
830 1041 922 1094 cum
935 1016 1083 1097 ardente
1099 1019 1265 1100 viderent

277 1151 480 1233 Scintillare
496 1152 639 1251 oleum,
656 1173 694 1233 et
714 1171 837 1263 putres
848 1153 1079 1236 concrescere
1090 1156 1237 1268 fungos.

277 1290 365 1372 Nec
383 1293 509 1373 minus
527 1321 575 1373 ex
585 1295 698 1374 imbri
710 1292 813 1390 soles,
824 1311 863 1374 et
875 1312 1000 1403 aperta
1015 1296 1140 1378 serena
1203 1376 1209 1382 .

279 1430 503 1540 Prospicere,
516 1450 553 1511 et
570 1434 676 1513 certis
692 1434 828 1541 poteris
840 1433 1061 1541 cognoscere
1078 1437 1200 1546 lignis.

278 1569 387 1653 Nam
400 1598 522 1678 neque
539 1588 623 1650 turn
638 1569 750 1652 stellis
763 1572 858 1651 acies
868 1572 996 1653 obtusa
1013 1575 1170 1675 videtur,
1258 1607 1312 1687 39
1320 1606 1342 1688 5

278 1708 367 1790 Nec
385 1708 505 1790 fratris
522 1709 632 1800 radiis
651 1710 813 1790 obnoxia
826 1708 970 1818 surgere
985 1710 1099 1796 luna:

276 1847 320 1931 Τ
318 1848 429 1929 enuia
445 1875 516 1929 nec
532 1848 637 1930 lanae
654 1877 720 1960 per
739 1849 889 1929 coelum
910 1849 1045 1932 vellera
1063 1850 1163 1935 ferri.

278 1990 375 2074 Non
391 1991 561 2100 tepidum
577 1992 626 2073 ad
643 1991 759 2074 solem
776 2019 914 2102 pennas
934 1993 975 2072 in
990 1993 1277 2106 litorepanduut

278 2132 449 2216 Diloslae
465 2131 622 2214 Thetidi
639 2132 879 2243 Halcyones:
910 2161 987 2213 non
1006 2123 1070 2217 ore
1087 2134 1224 2217 solutos

279 2274 480 2356 immundi
491 2274 698 2364 meminere
709 2273 790 2357 sues
800 2273 938 2382 janne
955 2276 1153 2388 maniplos.
1259 2307 1346 2384 400

280 2417 337 2496 At
349 2415 506 2497 nebulae
514 2415 633 2526 magis
646 2406 725 2496 ima
733 2431 877 2526 petunt,
888 2441 1100 2526 campoque
1107 2418 1347 2500 recumbunt:

280 2553 376 2637 Solis
390 2573 428 2636 et
444 2554 617 2636 ocmsum
628 2553 771 2634 servans
784 2553 833 2632 de
845 2553 1011 2635 culmine
1030 2557 1180 2637 summo

279 2695 552 2806 Nequicquam
565 2694 661 2775 seros
678 2709 826 2774 exercet
841 2694 979 2783 nosiua
995 2713 1136 2776 cantus.

280 2840 450 2949 Apparet
465 2837 610 2947 liquido
627 2832 794 2916 sublimis
812 2833 854 2914 in
871 2841 954 2915 aste
966 2834 1084 2916 Nisus

206 3002 210 3011 ’
281 2978 335 3059 Et
348 3008 417 3088 pro
435 3005 624 3088 purpureo
638 3001 774 3086 poenas
788 2973 852 3054 dat
865 2967 988 3082 Scylla
1007 2972 1155 3085 capillo.
1258 3004 1346 3088 405

200 3197 209 3205 .,
280 3113 599 3225 Quemque-illa
623 3115 745 3196 levem
763 3113 909 3224 fugiens
927 3113 1023 3194 secat
1039 3112 1187 3195 aethera
1203 3118 1346 3225 pennis,

279 3255 382 3336 Ecce
397 3255 571 3336 inimicus
587 3271 692 3336 atrox
704 3281 843 3364 magno
856 3252 1009 3335 stridore
1021 3282 1087 3365 per
1097 3282 1213 3357 auras,

281 3393 488 3503 Insequitur
501 3393 637 3504 Nisus:
666 3420 741 3501 qua
758 3393 795 3473 se
813 3391 887 3472 fert
904 3393 1020 3474 Nisus
1030 3394 1078 3474 ad
1094 3421 1210 3490 auras,

283 3532 355 3614 Illa
374 3533 497 3613 levem
506 3531 661 3641 fugiens
677 3531 816 3639 raptim
826 3531 921 3612 secat
934 3528 1082 3641 aethera
1098 3531 1241 3641 pennis.
1255 3591 1258 3598 -

280 3673 392 3753 Tum
405 3668 562 3780 liquidas
579 3670 680 3751 corvi
693 3643 811 3779 prelio
825 3686 879 3751 ter
896 3686 1045 3779 gutture
1059 3695 1167 3772 voces
1261 3697 1348 3775 410

282 3816 363 3891 Aut
379 3828 507 3920 quater
520 3808 772 3919 ingeminant:
803 3824 841 3887 et
857 3805 962 3915 saepe
981 3803 1168 3885 cubilibus
1185 3803 1281 3903 altis,

280 3948 420 4030 Nescio
436 3977 511 4056 qua
531 3966 672 4057 praeter
689 3946 839 4028 solitum
857 3944 1054 4028 dulcedine
1073 3942 1172 4041 laeli,

281 4089 383 4177 Inter
404 4086 440 4165 se
453 4085 552 4164 foliis
565 4063 776 4193 strepitant:
800 4087 904 4192 juvat
923 4085 1106 4165 imbribus
1123 4085 1215 4166 asiis

280 4200 504 4334 Progeniem
517 4249 682 4335 parvam,
701 4221 897 4334 dulcesque
915 4223 1066 4346 reuisere
1079 4223 1199 4345 nidos.

1233 4359 1352 4444 Haud
