2940 5190
335 352 401 449 80
488 352 564 448 'PL
597 349 863 446 Vrncrnrr
895 338 1174 448 Mun-oure

327 560 485 669 Rumpe
497 583 642 640 morast
669 570 777 635 votat
790 552 1330 662 ingenticlamoreCithaeron‚
1438 631 1443 642 .

163 715 167 724 ·
325 696 560 823 Taygetique
570 720 690 792 cauea,
704 691 957 819 domitrixque
969 692 1177 801 Epidaurus
1192 678 1391 805 equorum.

323 835 377 915 Et
392 863 467 917 vox
479 833 619 917 offensu
635 860 836 916 nemorum
852 832 1078 939 ingemimta
1096 838 1271 946 remugit.
1330 868 1359 945 4
1366 865 1388 947 5

322 973 426 1057 Mox
443 994 570 1058 tamen
586 976 752 1058 ardentes
762 974 931 1081 accingar
949 972 1070 1054 dicere
1087 1000 1229 1084 pugnas

322 1113 497 1216 &esum
515 1134 553 1197 et
571 1143 714 1198 nomen
730 1115 830 1196 fama
847 1131 903 1193 tot
919 1111 1014 1194 ferre
1028 1141 1095 1222 per
1113 1142 1242 1212 annos,

322 1252 486 1336 Tithoni
502 1256 624 1364 prima
639 1273 734 1363 quot
745 1250 847 1332 abest
864 1251 912 1330 ab
932 1250 1073 1359 origine
1089 1252 1231 1334 Caesar.

302 1398 305 1405 ’
384 1396 459 1475 Seu
476 1397 574 1503 quis,
590 1395 825 1504 Olimpiacae
840 1391 994 1472 miratus
1011 1392 1175 1503 praemia
1185 1393 1342 1504 palmae,

323 1531 444 1614 Pascit
459 1562 575 1646 equos
589 1572 602 1631 ς
619 1533 683 1615 seu
699 1534 782 1643 quis
800 1529 912 1613 fortes
927 1533 976 1611 ad
991 1550 1108 1614 arana
1118 1534 1317 1642 juvencos;
1331 1563 1384 1644 50

323 1671 491 1780 Corpora
509 1671 706 1785 praecipue
718 1688 883 1752 matrum
895 1669 1004 1779 legat.
1036 1671 1179 1780 optima
1195 1689 1318 1752 torvae

322 1806 464 1889 Forma
474 1809 593 1912 bovis,
607 1809 669 1891 cui
685 1826 793 1920 turpe
807 1825 932 1919 caput,
946 1808 1010 1888 cui
1023 1805 1185 1921 plurima
1198 1809 1338 1912 cervix,

323 1947 376 2027 Et
387 1952 541 2032 crurum
558 1967 663 2031 tenus
681 1963 845 2030 amento
861 1946 1018 2058 palearia
1035 1948 1208 2058 pendent.

323 2087 433 2169 Turn
451 2087 566 2199 longo
581 2088 705 2170 nullus
726 2087 829 2170 lateri
846 2087 1003 2171 modus:
1034 2089 1161 2170 omnia
1177 2116 1336 2198 magna:

191 2301 197 2309 .
322 2226 394 2309 Pes
407 2228 535 2331 etiam,
557 2247 595 2309 et
612 2229 772 2311 camuris
788 2225 906 2325 lurore
923 2226 991 2308 sub
1009 2227 1181 2310 cornibus
1194 2255 1310 2314 aures.
1330 2256 1352 2339 5
1359 2257 1383 2338 ς

322 2366 410 2448 Nec
427 2367 525 2449 mihi
537 2367 722 2479 displicent
733 2367 890 2450 maculis
904 2366 1054 2476 infignis
1071 2384 1108 2448 et
1126 2366 1212 2449 albo
1225 2406 1238 2464 ς

323 2504 404 2584 Aut
417 2507 509 2615 juga
525 2506 741 2610 detrectans,
755 2507 1018 2614 interdumque
1029 2507 1151 2616 aspera
1163 2520 1306 2605 cornu,'

322 2643 375 2725 Et
391 2643 528 2728 faciem
544 2664 650 2727 tauro
666 2649 829 2757 propior,
843 2671 1012 2755 quaeque
1025 2643 1138 2725 ardua
1155 2662 1245 2740 tota,

321 2782 375 2862 Et
386 2784 769 2897 gradiensimaverrit
782 2783 932 2895 vestigia
947 2782 1076 2867 cauda.
1332 2871 1335 2877 ,

216 3032 220 3041 ,
321 2924 436 3031 Aetas
454 2926 641 3007 Lucinam
653 2925 842 3036 justosque
861 2923 938 3033 pati
957 2921 1185 3032 hymenaeos
1329 2928 1385 3011 60

322 3061 469 3143 Definit
488 3084 572 3145 ante
586 3067 731 3166 decem,
749 3065 833 3177 post
845 3082 1003 3176 quatuor
1022 3065 1152 3176 incipit
1171 3091 1308 3147 annos:

323 3202 457 3284 Cetera
472 3233 542 3287 nec
559 3207 722 3290 foeturae
736 3207 881 3304 habilis,
895 3232 964 3288 nec
977 3204 1080 3287 fortis
1095 3205 1232 3289 aratrm

323 3345 478 3446 Interea,
492 3350 633 3458 superat
643 3351 815 3459 gregibus
829 3350 923 3430 dum
943 3346 1036 3429 laeta
1048 3351 1231 3456 juventas,

323 3482 432 3563 Solve
446 3513 588 3569 mares:
622 3487 729 3566 mitte
751 3488 790 3566 in
808 3487 997 3567 Venerem
1017 3485 1188 3595 pecuaria
1202 3483 1358 3593 primus,

321 3626 452 3735 Atque
468 3626 580 3708 aliam
594 3656 642 3708 ex
660 3627 732 3708 alia
748 3628 957 3738 generando
974 3627 1100 3708 suffice
1119 3625 1278 3736 prolem.
1329 3631 1353 3708 6
1361 3652 1385 3735 5

322 3766 481 3875 Optima
491 3795 660 3877 quaeque
675 3765 753 3848 dies
770 3766 910 3848 miseris
932 3764 1150 3846 mortalibus
1162 3763 1242 3844 aevi

322 3904 450 3984 Prima
461 3905 580 4014 fugit:
611 3908 769 3989 subeunt
781 3905 916 4002 morbi,
933 3901 1310 4014 tristisque'senecius:

321 4045 373 4124 Et
387 4044 502 4139 labor,
521 4062 558 4124 et
571 4029 684 4126 durae
702 4047 796 4156 rapit
808 4046 1046 4127 inclementia
1065 4021 1207 4129 mortis.

322 4186 476 4292 Semper
489 4201 607 4283 erunt,
623 4213 782 4292 quarum
795 4188 930 4266 mutari
944 4212 1099 4299 corpora
1116 4184 1235 4268 malis.

1239 4322 1392 4432 semper
