2940 5190
306 400 394 521 198
534 396 587 490 Ρ.
619 391 887 486 Visetur
921 388 1203 487 Msuouis

306 595 405 678 Vela
421 611 568 693 vocant,
589 594 813 705 tumidoque
825 591 977 674 inflatu
988 592 1156 674 carbasus
1175 592 1313 680 ausbo.
1378 586 1381 591 ¹

307 734 383 821 His
399 755 525 818 vatem
542 735 737 844 aggredior
758 735 879 834 dietis,
897 761 942 815 ac
954 733 1042 814 talia
1059 734 1220 844 quaeso:

306 878 538 987 Trojugena,
561 876 740 986 interpres
761 874 909 974 doum,
930 874 997 985 qui
1014 875 1171 956 nunrina
1186 871 1351 981 Phoebi,

308 1019 390 1124 Qi
406 1015 580 1129 tripodas,
594 1015 709 1097 Clarii
726 1016 860 1114 lauros,
874 1016 943 1125 qui
954 1015 1070 1097 fidera
1092 1014 1213 1113 sentis,
1296 1021 1393 1128 3⁶⁰

198 1163 203 1167 ’
308 1158 361 1241 Et
382 1158 582 1239 volucrum
601 1157 757 1268 linguas,
787 1174 825 1239 et
840 1157 1022 1267 praepetis
1038 1156 1169 1236 omina
1180 1181 1342 1266 pennae,

307 1295 404 1380 Fare
425 1324 515 1405 age3
545 1323 711 1406 namque
740 1323 898 1377 ornnem
917 1293 1070 1376 cursum
1092 1290 1190 1375 mihi
1212 1293 1391 1421 prospera

498 1433 595 1514 dixit

224 1550 228 1555 ²
314 1572 506 1682 Relligio;
533 1595 570 1656 et
588 1574 715 1656 cuntis
733 1575 920 1657 suaserunt
941 1576 1098 1658 numine
1114 1574 1193 1659 divi

313 1713 463 1796 Italiam
479 1731 617 1824 petere,
630 1733 668 1795 et
681 1733 793 1795 terras
807 1733 946 1796 tentare
962 1715 1142 1826 repostas:

315 1852 561 1933 Solanovum
577 1853 754 1963 distuque
769 1853 873 1933 nefas
886 1854 1056 1964 Harpyia
1073 1855 1239 1939 Celaeno
1271 1953 1276 1963 Ι
1301 1860 1357 1970 36
1364 1887 1392 1972 ς

312 1993 535 2103 Prodigium
552 1997 665 2095 canit,
687 2014 726 2076 et
744 1995 861 2076 tristes
878 1996 1070 2078 denuntiat
1092 1997 1175 2096 iras,

317 2135 631 2245 Obscoenamque
648 2135 816 2234 famem
848 2164 944 2245 quae
960 2137 1084 2246 prima
1101 2137 1266 2248 pericula
1282 2137 1396 2224 vito?

318 2274 473 2383 Qidve
498 2277 667 2386 sequens,
688 2294 809 2358 tantos
824 2276 962 2388 poffrm
984 2276 1151 2388 superare
1168 2277 1341 2360 labores?

278 2393 283 2410 ’
320 2415 610 2516 ΗίοΉεΙεηιιε,
632 2416 741 2497 caefis
758 2417 927 2527 primum
945 2416 993 2496 de
1010 2444 1116 2498 more
1135 2416 1318 2526 juvencis,
1395 2464 1399 2470 ·

311 2546 461 2636 Exorat
481 2584 616 2666 pacem
632 2557 790 2641 divum:
821 2557 1002 2667 vittasque
1015 2558 1161 2639 resolvit
1301 2589 1396 2675 370

321 2694 458 2776 Sacrati
471 2695 613 2806 capitis,
637 2724 775 2805 meque
796 2697 843 2775 ad
861 2713 926 2776 tua
944 2695 1089 2795 limina,
1107 2695 1275 2796 Phoebe,

320 2835 405 2946 Ipse
435 2864 552 2918 manu
570 2834 692 2918 multo
713 2836 926 2949 suspensum
949 2838 1107 2918 numine
1133 2839 1238 2918 ducit
1245 2879 1259 2938 3

322 2976 453 3084 Atque
470 2975 564 3096 haec
584 2978 718 3059 deinde
745 2978 844 3058 canit
861 2978 990 3058 divino
1010 3007 1059 3058 ex
1071 3006 1134 3059 ore
1155 2978 1337 3064 sacerdos.

323 3117 426 3197 Nate
442 3118 539 3217 dea;
566 3145 656 3198 narn
671 3136 708 3198 te
727 3119 929 3227 majoribus
946 3118 998 3198 ire
1014 3147 1080 3229 per
1096 3117 1217 3199 altum

323 3255 511 3365 Auspiciis
525 3257 720 3339 manifesta
735 3256 845 3340 fides:
877 3258 926 3340 fic
941 3259 1016 3339 fata
1028 3257 1144 3340 deum
1161 3285 1228 3339 rex
1308 3287 1367 3375 37
1375 3290 1400 3376 ς

325 3393 494 3491 Sortitur,
518 3395 708 3504 volvitque
726 3395 841 3477 vices:
873 3396 904 3475 is
925 3397 1076 3477 vertitur
1094 3397 1201 3480 ordo.

325 3522 449 3614 Pauca
471 3533 538 3613 tibi
559 3562 581 3616 e
599 3531 739 3632 multis,
760 3562 838 3642 quo
852 3534 966 3615 tutior
983 3532 1128 3645 hospita
1142 3533 1273 3618 lustres

326 3677 519 3786 Aequora,
550 3691 588 3756 et
606 3673 775 3755 Ausonio
796 3673 907 3785 possis
921 3673 1110 3756 confidete
1124 3691 1250 3787 portu,

328 3816 542 3927 Expediam
556 3815 664 3901 distis
672 3854 685 3915 3
711 3811 910 3928 prohibent
928 3842 1019 3896 nam
1036 3833 1178 3899 caetera
1194 3817 1332 3900 Parcae

330 3953 430 4034 Scire
450 3954 658 4056 Helenum,
682 3954 824 4066 farique
838 3973 937 4038 vetat
948 3956 1115 4038 Saturnia
1133 3959 1248 4068 Juno.
1313 3953 1406 4068 380

329 4086 520 4198 Principio
538 4093 700 4193 Italiam,
721 4121 839 4204 quam
857 4095 996 4204 tojam
1012 4097 1359 4212 rerepropinquom

328 4225 555 4344 Vicinosque
571 4230 697 4344 ignare
710 4260 816 4348 paras
832 4235 1005 4322 invadere
1020 4253 1163 4352 portus,

1267 4306 1406 4486 Longi
