2940 5190
269 393 365 494 1¹16
468 395 519 490 P.
551 393 815 490 Vrlnrnrr
850 374 1143 487 Maronis

270 601 411 698 Tanto,
442 617 539 699 nate,
570 598 689 708 magis
708 597 891 680 contende
906 599 1049 680 tenacia
1061 591 1211 676 vincla:
1304 609 1308 617 '

272 718 410 819 Donec
428 736 510 817 talis
527 737 608 835 erit,
639 754 785 817 mutato
801 763 969 846 corpore,
998 734 1152 845 qualem

275 873 438 974 Videris,
468 877 618 987 incepto
635 892 775 985 tegeret
792 904 885 956 cum
903 873 1048 956 lumina
1064 873 1210 955 somno.

132 1032 136 1041 ·
184 1060 203 1106 r
276 1014 387 1096 Haec
403 1014 467 1119 ait,
498 1034 536 1095 et
553 1015 740 1124 liquidum
757 1012 960 1096 ambrosiae
977 1011 1129 1094 diffudit
1144 1009 1315 1102 odorem,

277 1157 370 1264 Qu
386 1173 510 1236 totum
528 1155 605 1235 nati
621 1179 756 1262 corpus
773 1152 965 1264 perduxit:
996 1151 1123 1233 atilli·
1254 1144 1343 1254 416

278 1295 415 1377 Dulcis
429 1295 641 1405 compositis
662 1293 809 1402 spiravit
827 1293 990 1374 crinibus
1003 1320 1102 1391 aura,

280 1439 410 1546 Atque
448 1435 582 1515 habilis
619 1432 799 1513 membris
832 1433 932 1514 venit
963 1434 1080 1542 vigor.
1122 1429 1191 1512 Est
1221 1426 1352 1538 specus

346 1573 476 1683 ingens
705 1550 712 1559 ⁶

285 1715 398 1797 Exefi
418 1716 530 1797 latere
551 1715 590 1793 in
608 1713 761 1810 montis,
788 1743 865 1819 quo
884 1713 1043 1823 plurima
1060 1731 1183 1811 vento,

286 1854 458 1964 Cogitur,
489 1854 602 1962 inque
617 1854 714 1932 finus
724 1852 855 1932 scindit
865 1853 936 1933 sese
949 1855 1049 1936 unda
1061 1855 1252 1950 reductos,
1264 1877 1351 1959 420

288 1991 488 2104 Deprenfis
501 1991 595 2073 olim
611 1989 716 2070 statio
729 1990 903 2072 tutiffima
917 1992 1047 2073 nautis.

288 2133 396 2217 Intus
415 2132 451 2215 se
467 2130 558 2212 vasli
571 2131 725 2211 Proteus
743 2130 834 2238 tegit
850 2131 969 2240 objice
989 2131 1076 2213 saxi
1099 2142 1102 2147 '

291 2269 373 2353 Hic
378 2272 558 2379 juvenem
571 2267 770 2348 inlatebris
779 2268 1135 2350 aversumalumine
1147 2269 1317 2380 nympha
1346 2308 1350 2317 ·

293 2409 487 2508 Collocat;
516 2407 592 2518 ipsa
607 2405 738 2516 procul
756 2406 899 2488 nebulis
916 2408 1068 2490 obscura
1087 2409 1227 2492 refistit.
1347 2425 1350 2428 ’

293 2549 385 2658 Jam
399 2548 548 2656 rapidus
564 2562 703 2626 torrens
721 2545 878 2626 fitientes
899 2546 1010 2627 Sirius
1029 2548 1140 2627 Indos
1269 2576 1357 2660 425

295 2685 477 2784 Ardebat,
507 2684 613 2766 coelo
632 2703 671 2766 et
687 2685 860 2771 medium
875 2683 928 2763 sol
945 2685 1073 2793 igneus
1088 2687 1221 2767 orbem

297 2827 505 2909 Hauserat:
532 2827 683 2907 arebant
698 2824 847 2923 herbae,
875 2841 915 2904 et
931 2853 1021 2906 cava
1038 2825 1195 2908 flumina
1214 2826 1318 2908 ficcis

298 2966 484 3047 Faucibus
501 2965 548 3045 ad
566 2964 704 3045 limum
716 2965 807 3046 radii
820 2963 1000 3074 tepefadia
1013 2966 1246 3075 coquebant:

300 3107 404 3184 Cum
418 3083 572 3187 Proteus
585 3103 756 3185 consueta
769 3121 896 3214 petens
910 3131 931 3185 e
949 3101 1121 3186 fluctibus
1135 3123 1239 3185 antra

303 3242 407 3322 Ibat:
438 3269 527 3322 eum
545 3242 636 3322 vasti
649 3243 792 3322 circum
807 3268 897 3349 gens
911 3239 1068 3323 humida
1080 3244 1185 3352 ponti
1277 3273 1304 3351 4
1311 3272 1364 3355 3⁰

302 3379 501 3477 Exultans,
533 3408 658 3461 rorem
675 3381 746 3460 late
764 3381 937 3491 dispergit
953 3410 1135 3465 amarum.

305 3520 480 3598 Sternunt
498 3518 534 3599 se
556 3518 687 3601 somno
704 3520 862 3602 diversae
883 3522 922 3601 in
943 3520 1048 3603 litore
1066 3520 1220 3632 phocae.

305 3654 415 3765 Ipse,
431 3657 532 3738 velut
550 3657 682 3739 stabuli
697 3661 822 3743 custos
842 3661 881 3741 iu
901 3662 1090 3742 montibus
1109 3659 1215 3759 olim,

305 3792 447 3902 Vesper
464 3797 530 3877 ubi
549 3824 570 3878 e
587 3799 694 3908 pastu
712 3799 846 3881 vitulos
860 3798 908 3879 ad
925 3803 1022 3880 tetta
1034 3800 1189 3896 reducit,

308 3933 532 4042 Auditisque
551 3934 657 4045 lupos
676 3955 815 4019 acuunt
833 3936 1012 4019 balatibus
1029 3941 1129 4046 agni,
1286 3967 1339 4050 43
1349 3967 1372 4051 ς

309 4070 478 4151 Confidit
491 4073 642 4180 scopulo
659 4076 818 4173 medius,
848 4104 1127 4187 numerumque
1144 4078 1330 4161 recenset:

312 4210 429 4320 Cujus
444 4212 611 4296 Aristaeo
629 4217 807 4326 quoniam
822 4217 875 4300 est
889 4217 1010 4303 oblata
1022 4218 1203 4320 facultas,

1306 4354 1384 4437 vix
