<?xml version="1.0" encoding="UTF-8"?>
<!DOCTYPE html PUBLIC "-//W3C//DTD XHTML 1.0 Transitional//EN"
    "http://www.w3.org/TR/xhtml1/DTD/xhtml1-transitional.dtd">
<html xmlns="http://www.w3.org/1999/xhtml" xml:lang="en" lang="en">
 <head>
  <title>
</title>
<meta http-equiv="Content-Type" content="text/html;charset=utf-8" />
  <meta name='ocr-system' content='tesseract 3.04.00' />
  <meta name='ocr-capabilities' content='ocr_page ocr_carea ocr_par ocr_line ocrx_word'/>
</head>
<body>
  <div class='ocr_page' id='page_1' title='image "./publiivirgiliim01schegoog/publiivirgiliim01schegoog_0188.png"; bbox 0 0 2940 5190; ppageno 0'>
   <div class='ocr_carea' id='block_1_1' title="bbox 392 373 1222 490">
    <p class='ocr_par' dir='ltr' id='par_1_1' title="bbox 392 373 1222 490">
     <span class='ocr_line' id='line_1_1' title="bbox 392 373 1222 490; baseline -0.014 -20"><span class='ocrx_word' id='word_1_1' title='bbox 392 378 717 470; x_wconf 68' lang='lat' dir='ltr'>Gnorcrcr.</span> <span class='ocrx_word' id='word_1_2' title='bbox 755 375 870 468; x_wconf 81' lang='lat' dir='ltr'>Lrn.</span> <span class='ocrx_word' id='word_1_3' title='bbox 910 373 990 467; x_wconf 89' lang='lat' dir='ltr'>lV.</span> <span class='ocrx_word' id='word_1_4' title='bbox 1132 398 1222 490; x_wconf 89' lang='lat'>113</span> 
     </span>
    </p>
   </div>
   <div class='ocr_carea' id='block_1_2' title="bbox 153 573 1228 4178">
    <p class='ocr_par' dir='ltr' id='par_1_2' title="bbox 153 573 1228 1804">
     <span class='ocr_line' id='line_1_2' title="bbox 156 573 1216 688; baseline -0.002 -31"><span class='ocrx_word' id='word_1_5' title='bbox 156 577 376 688; x_wconf 85' lang='lat' dir='ltr'>Carpebant,</span> <span class='ocrx_word' id='word_1_6' title='bbox 405 573 507 683; x_wconf 87' lang='lat' dir='ltr'>hyali</span> <span class='ocrx_word' id='word_1_7' title='bbox 527 573 647 653; x_wconf 90' lang='lat' dir='ltr'>saturo</span> <span class='ocrx_word' id='word_1_8' title='bbox 666 573 789 655; x_wconf 90' lang='lat' dir='ltr'>fucata</span> <span class='ocrx_word' id='word_1_9' title='bbox 806 574 953 656; x_wconf 88' lang='lat' dir='ltr'>colore:</span> <span class='ocrx_word' id='word_1_10' title='bbox 1132 597 1153 679; x_wconf 99' lang='lat'>3</span> <span class='ocrx_word' id='word_1_11' title='bbox 1163 598 1183 680; x_wconf 89' lang='lat'>3</span> <span class='ocrx_word' id='word_1_12' title='bbox 1193 595 1216 679; x_wconf 99' lang='lat'>5</span> 
     </span>
     <span class='ocr_line' id='line_1_3' title="bbox 155 713 1219 827; baseline -0.007 -28"><span class='ocrx_word' id='word_1_13' title='bbox 155 717 391 827; x_wconf 89' lang='lat' dir='ltr'>Drymoque,</span> <span class='ocrx_word' id='word_1_14' title='bbox 417 713 657 825; x_wconf 89' lang='lat' dir='ltr'>Xanthoque,</span> <span class='ocrx_word' id='word_1_15' title='bbox 678 718 879 825; x_wconf 85' lang='lat' dir='ltr'>Ligeaque,</span> <span class='ocrx_word' id='word_1_16' title='bbox 903 713 1219 826; x_wconf 85' lang='lat' dir='ltr'>Phyllodoceque,</span> 
     </span>
     <span class='ocr_line' id='line_1_4' title="bbox 154 854 1160 967; baseline -0.003 -30"><span class='ocrx_word' id='word_1_17' title='bbox 154 859 361 940; x_wconf 89' lang='lat' dir='ltr'>Caesariem</span> <span class='ocrx_word' id='word_1_18' title='bbox 379 856 515 937; x_wconf 88' lang='lat' dir='ltr'>effusae</span> <span class='ocrx_word' id='word_1_19' title='bbox 532 855 689 967; x_wconf 83' lang='lat' dir='ltr'>nitidam</span> <span class='ocrx_word' id='word_1_20' title='bbox 710 883 775 965; x_wconf 90' lang='lat' dir='ltr'>per</span> <span class='ocrx_word' id='word_1_21' title='bbox 793 855 949 936; x_wconf 85' lang='lat' dir='ltr'>candida</span> <span class='ocrx_word' id='word_1_22' title='bbox 966 854 1089 951; x_wconf 87' lang='lat' dir='ltr'>colla;</span> <span class='ocrx_word' id='word_1_23' title='bbox 1156 934 1160 945; x_wconf 83' lang='grc'>,</span> 
     </span>
     <span class='ocr_line' id='line_1_5' title="bbox 153 990 1099 1106; baseline -0.007 -28"><span class='ocrx_word' id='word_1_24' title='bbox 153 996 309 1094; x_wconf 86' lang='lat' dir='ltr'>Nesaee,</span> <span class='ocrx_word' id='word_1_25' title='bbox 341 997 516 1106; x_wconf 87' lang='lat' dir='ltr'>Spioque,</span> <span class='ocrx_word' id='word_1_26' title='bbox 543 990 1099 1103; x_wconf 72' lang='lat' dir='ltr'>Thaliaque,nymodoceque,</span> 
     </span>
     <span class='ocr_line' id='line_1_6' title="bbox 155 1132 1087 1247; baseline -0.009 -30"><span class='ocrx_word' id='word_1_27' title='bbox 155 1137 414 1247; x_wconf 80' lang='lat' dir='ltr'>Cydippeque,</span> <span class='ocrx_word' id='word_1_28' title='bbox 445 1150 483 1215; x_wconf 87' lang='lat' dir='ltr'>et</span> <span class='ocrx_word' id='word_1_29' title='bbox 497 1132 592 1213; x_wconf 86' lang='lat' dir='ltr'>flava</span> <span class='ocrx_word' id='word_1_30' title='bbox 611 1132 812 1240; x_wconf 74' lang='lat' dir='ltr'>Lycorias,</span> <span class='ocrx_word' id='word_1_31' title='bbox 844 1132 955 1247; x_wconf 88' lang='lat' dir='ltr'>altera</span> <span class='ocrx_word' id='word_1_32' title='bbox 972 1133 1087 1239; x_wconf 90' lang='lat' dir='ltr'>virgo,</span> 
     </span>
     <span class='ocr_line' id='line_1_7' title="bbox 154 1270 1215 1385; baseline -0.007 -31"><span class='ocrx_word' id='word_1_33' title='bbox 154 1275 283 1357; x_wconf 90' lang='lat' dir='ltr'>Altera</span> <span class='ocrx_word' id='word_1_34' title='bbox 299 1294 383 1356; x_wconf 90' lang='lat' dir='ltr'>tum</span> <span class='ocrx_word' id='word_1_35' title='bbox 405 1273 545 1385; x_wconf 82' lang='lat' dir='ltr'>primos</span> <span class='ocrx_word' id='word_1_36' title='bbox 560 1271 726 1353; x_wconf 83' lang='lat' dir='ltr'>Lucinae</span> <span class='ocrx_word' id='word_1_37' title='bbox 742 1288 893 1381; x_wconf 84' lang='lat' dir='ltr'>experta</span> <span class='ocrx_word' id='word_1_38' title='bbox 908 1270 1050 1351; x_wconf 85' lang='lat' dir='ltr'>labores</span> <span class='ocrx_word' id='word_1_39' title='bbox 1063 1308 1077 1368; x_wconf 78' lang='lat'><em>3</em></span> <span class='ocrx_word' id='word_1_40' title='bbox 1130 1292 1215 1378; x_wconf 86' lang='lat'>340</span> 
     </span>
     <span class='ocr_line' id='line_1_8' title="bbox 154 1408 1228 1523; baseline -0.004 -31"><span class='ocrx_word' id='word_1_41' title='bbox 154 1415 329 1523; x_wconf 91' lang='lat' dir='ltr'>Clioque,</span> <span class='ocrx_word' id='word_1_42' title='bbox 361 1431 399 1496; x_wconf 89' lang='lat' dir='ltr'>et</span> <span class='ocrx_word' id='word_1_43' title='bbox 412 1414 529 1493; x_wconf 61' lang='lat' dir='ltr'>Beroe</span> <span class='ocrx_word' id='word_1_44' title='bbox 543 1409 654 1508; x_wconf 86' lang='lat' dir='ltr'>soror,</span> <span class='ocrx_word' id='word_1_45' title='bbox 687 1411 920 1492; x_wconf 83' lang='lat' dir='ltr'>Oceanitides</span> <span class='ocrx_word' id='word_1_46' title='bbox 935 1408 1081 1507; x_wconf 86' lang='lat' dir='ltr'>ambae,</span> <span class='ocrx_word' id='word_1_47' title='bbox 1224 1454 1228 1463; x_wconf 95' lang='lat'><em>·</em></span> 
     </span>
     <span class='ocr_line' id='line_1_9' title="bbox 153 1549 1095 1664; baseline 0 -33"><span class='ocrx_word' id='word_1_48' title='bbox 153 1553 305 1634; x_wconf 88' lang='lat' dir='ltr'>Ambae</span> <span class='ocrx_word' id='word_1_49' title='bbox 321 1582 423 1650; x_wconf 90' lang='lat' dir='ltr'>auro,</span> <span class='ocrx_word' id='word_1_50' title='bbox 438 1552 545 1664; x_wconf 76' lang='lat' dir='ltr'>pictis</span> <span class='ocrx_word' id='word_1_51' title='bbox 563 1552 744 1633; x_wconf 70' lang='lat' dir='ltr'>incinctae</span> <span class='ocrx_word' id='word_1_52' title='bbox 764 1549 923 1661; x_wconf 84' lang='lat' dir='ltr'>pellibus</span> <span class='ocrx_word' id='word_1_53' title='bbox 937 1550 1095 1631; x_wconf 78' lang='lat' dir='ltr'>ambaet</span> 
     </span>
     <span class='ocr_line' id='line_1_10' title="bbox 155 1689 1107 1804; baseline -0.003 -33"><span class='ocrx_word' id='word_1_54' title='bbox 155 1693 284 1802; x_wconf 88' lang='lat' dir='ltr'>Atque</span> <span class='ocrx_word' id='word_1_55' title='bbox 296 1691 462 1804; x_wconf 86' lang='lat' dir='ltr'>Ephyre,</span> <span class='ocrx_word' id='word_1_56' title='bbox 492 1710 603 1802; x_wconf 87' lang='lat' dir='ltr'>atque</span> <span class='ocrx_word' id='word_1_57' title='bbox 618 1691 724 1802; x_wconf 87' lang='lat' dir='ltr'>Opis,</span> <span class='ocrx_word' id='word_1_58' title='bbox 755 1711 793 1770; x_wconf 90' lang='lat' dir='ltr'>et</span> <span class='ocrx_word' id='word_1_59' title='bbox 804 1690 891 1773; x_wconf 86' lang='lat' dir='ltr'>Alia</span> <span class='ocrx_word' id='word_1_60' title='bbox 903 1689 1086 1798; x_wconf 82' lang='lat' dir='ltr'>Deiopeia</span> <span class='ocrx_word' id='word_1_61' title='bbox 1092 1725 1107 1786; x_wconf 80' lang='lat'>3</span> 
     </span>
    </p>

    <p class='ocr_par' dir='ltr' id='par_1_3' title="bbox 154 1827 989 1943">
     <span class='ocr_line' id='line_1_11' title="bbox 154 1827 989 1943; baseline 0 -33"><span class='ocrx_word' id='word_1_62' title='bbox 154 1831 206 1910; x_wconf 90' lang='lat' dir='ltr'>Et</span> <span class='ocrx_word' id='word_1_63' title='bbox 222 1833 374 1915; x_wconf 89' lang='lat' dir='ltr'>tandem</span> <span class='ocrx_word' id='word_1_64' title='bbox 389 1831 514 1943; x_wconf 81' lang='lat' dir='ltr'>potitis</span> <span class='ocrx_word' id='word_1_65' title='bbox 525 1831 635 1912; x_wconf 86' lang='lat' dir='ltr'>velox</span> <span class='ocrx_word' id='word_1_66' title='bbox 647 1827 831 1911; x_wconf 88' lang='lat' dir='ltr'>Arethusa</span> <span class='ocrx_word' id='word_1_67' title='bbox 844 1828 989 1938; x_wconf 84' lang='lat' dir='ltr'>sagittis.</span> 
     </span>
    </p>

    <p class='ocr_par' dir='ltr' id='par_1_4' title="bbox 154 1969 1222 2219">
     <span class='ocr_line' id='line_1_12' title="bbox 154 1969 1222 2081; baseline -0.001 -32"><span class='ocrx_word' id='word_1_68' title='bbox 154 1971 253 2050; x_wconf 87' lang='lat' dir='ltr'>Inter</span> <span class='ocrx_word' id='word_1_69' title='bbox 267 2000 358 2081; x_wconf 88' lang='lat' dir='ltr'>quas</span> <span class='ocrx_word' id='word_1_70' title='bbox 371 2000 500 2053; x_wconf 90' lang='lat' dir='ltr'>curam</span> <span class='ocrx_word' id='word_1_71' title='bbox 513 1969 697 2079; x_wconf 89' lang='lat' dir='ltr'>Clymene</span> <span class='ocrx_word' id='word_1_72' title='bbox 711 1970 878 2050; x_wconf 87' lang='lat' dir='ltr'>narrabat</span> <span class='ocrx_word' id='word_1_73' title='bbox 887 1970 1040 2049; x_wconf 89' lang='lat' dir='ltr'>inanem</span> <span class='ocrx_word' id='word_1_74' title='bbox 1131 1987 1185 2074; x_wconf 89' lang='lat'>34</span> <span class='ocrx_word' id='word_1_75' title='bbox 1191 1985 1222 2071; x_wconf 84' lang='grc'>5-</span> 
     </span>
     <span class='ocr_line' id='line_1_13' title="bbox 155 2106 1024 2219; baseline -0.001 -31"><span class='ocrx_word' id='word_1_76' title='bbox 155 2109 327 2207; x_wconf 89' lang='lat' dir='ltr'>Vulcani,</span> <span class='ocrx_word' id='word_1_77' title='bbox 356 2110 563 2219; x_wconf 90' lang='lat' dir='ltr'>Martisque</span> <span class='ocrx_word' id='word_1_78' title='bbox 580 2109 697 2205; x_wconf 80' lang='lat' dir='ltr'>dolos,</span> <span class='ocrx_word' id='word_1_79' title='bbox 728 2125 765 2189; x_wconf 89' lang='lat' dir='ltr'>et</span> <span class='ocrx_word' id='word_1_80' title='bbox 778 2107 901 2188; x_wconf 89' lang='lat' dir='ltr'>dulcia</span> <span class='ocrx_word' id='word_1_81' title='bbox 913 2106 1024 2203; x_wconf 88' lang='lat' dir='ltr'>furta,</span> 
     </span>
    </p>

    <p class='ocr_par' dir='ltr' id='par_1_5' title="bbox 153 2247 1218 3058">
     <span class='ocr_line' id='line_1_14' title="bbox 156 2247 1084 2359; baseline -0.005 -29"><span class='ocrx_word' id='word_1_82' title='bbox 156 2254 269 2359; x_wconf 88' lang='lat' dir='ltr'>Aque</span> <span class='ocrx_word' id='word_1_83' title='bbox 288 2249 396 2330; x_wconf 86' lang='lat' dir='ltr'>Chao</span> <span class='ocrx_word' id='word_1_84' title='bbox 412 2249 542 2331; x_wconf 89' lang='lat' dir='ltr'>densos</span> <span class='ocrx_word' id='word_1_85' title='bbox 555 2249 686 2328; x_wconf 88' lang='lat' dir='ltr'>divum</span> <span class='ocrx_word' id='word_1_86' title='bbox 701 2247 918 2327; x_wconf 89' lang='lat' dir='ltr'>numerabat</span> <span class='ocrx_word' id='word_1_87' title='bbox 929 2271 1084 2327; x_wconf 76' lang='lat' dir='ltr'>amorea</span> 
     </span>
     <span class='ocr_line' id='line_1_15' title="bbox 155 2382 1083 2496; baseline -0.006 -29"><span class='ocrx_word' id='word_1_88' title='bbox 155 2388 334 2469; x_wconf 85' lang='lat' dir='ltr'>Carmine</span> <span class='ocrx_word' id='word_1_89' title='bbox 351 2414 428 2496; x_wconf 91' lang='lat' dir='ltr'>quo</span> <span class='ocrx_word' id='word_1_90' title='bbox 449 2404 587 2495; x_wconf 90' lang='lat' dir='ltr'>captae,</span> <span class='ocrx_word' id='word_1_91' title='bbox 618 2386 713 2465; x_wconf 91' lang='lat' dir='ltr'>dum</span> <span class='ocrx_word' id='word_1_92' title='bbox 729 2384 817 2465; x_wconf 89' lang='lat' dir='ltr'>sufis</span> <span class='ocrx_word' id='word_1_93' title='bbox 831 2382 960 2464; x_wconf 89' lang='lat' dir='ltr'>mollia</span> <span class='ocrx_word' id='word_1_94' title='bbox 973 2382 1083 2492; x_wconf 87' lang='lat' dir='ltr'>pensa</span> 
     </span>
     <span class='ocr_line' id='line_1_16' title="bbox 153 2525 1086 2637; baseline -0.005 -28"><span class='ocrx_word' id='word_1_95' title='bbox 153 2529 381 2627; x_wconf 84' lang='lat' dir='ltr'>Devolvunt,</span> <span class='ocrx_word' id='word_1_96' title='bbox 410 2530 547 2610; x_wconf 88' lang='lat' dir='ltr'>iterum</span> <span class='ocrx_word' id='word_1_97' title='bbox 562 2544 743 2607; x_wconf 88' lang='lat' dir='ltr'>maternas</span> <span class='ocrx_word' id='word_1_98' title='bbox 762 2525 913 2637; x_wconf 87' lang='lat' dir='ltr'>impulit</span> <span class='ocrx_word' id='word_1_99' title='bbox 924 2552 1029 2606; x_wconf 80' lang='lat' dir='ltr'>aures</span> <span class='ocrx_word' id='word_1_100' title='bbox 1080 2550 1086 2557; x_wconf 78' lang='grc'><strong><em>’</em></strong></span> 
     </span>
     <span class='ocr_line' id='line_1_17' title="bbox 153 2666 1218 2777; baseline -0.008 -29"><span class='ocrx_word' id='word_1_101' title='bbox 153 2668 296 2749; x_wconf 69' lang='lat' dir='ltr'>Luctus</span> <span class='ocrx_word' id='word_1_102' title='bbox 310 2667 482 2767; x_wconf 88' lang='lat' dir='ltr'>Aristaei,</span> <span class='ocrx_word' id='word_1_103' title='bbox 514 2666 707 2777; x_wconf 89' lang='lat' dir='ltr'>vitreisque</span> <span class='ocrx_word' id='word_1_104' title='bbox 724 2666 894 2747; x_wconf 88' lang='lat' dir='ltr'>sedilibus</span> <span class='ocrx_word' id='word_1_105' title='bbox 911 2693 1041 2746; x_wconf 85' lang='lat' dir='ltr'>ornnes</span> <span class='ocrx_word' id='word_1_106' title='bbox 1133 2684 1154 2768; x_wconf 93' lang='lat'>3</span> <span class='ocrx_word' id='word_1_107' title='bbox 1163 2681 1218 2769; x_wconf 85' lang='lat'>50</span> 
     </span>
     <span class='ocr_line' id='line_1_18' title="bbox 156 2805 1059 2918; baseline -0.004 -31"><span class='ocrx_word' id='word_1_108' title='bbox 156 2808 417 2918; x_wconf 88' lang='lat' dir='ltr'>Obstupuere:</span> <span class='ocrx_word' id='word_1_109' title='bbox 448 2808 510 2889; x_wconf 90' lang='lat' dir='ltr'>sed</span> <span class='ocrx_word' id='word_1_110' title='bbox 528 2826 612 2888; x_wconf 89' lang='lat' dir='ltr'>ante</span> <span class='ocrx_word' id='word_1_111' title='bbox 628 2807 714 2888; x_wconf 88' lang='lat' dir='ltr'>alias</span> <span class='ocrx_word' id='word_1_112' title='bbox 725 2806 908 2887; x_wconf 86' lang='lat' dir='ltr'>Arethusa</span> <span class='ocrx_word' id='word_1_113' title='bbox 921 2805 1059 2885; x_wconf 82' lang='lat' dir='ltr'>sorores</span> 
     </span>
     <span class='ocr_line' id='line_1_19' title="bbox 156 2940 1138 3058; baseline -0.003 -30"><span class='ocrx_word' id='word_1_114' title='bbox 156 2947 395 3058; x_wconf 87' lang='lat' dir='ltr'>Prospiciens,</span> <span class='ocrx_word' id='word_1_115' title='bbox 426 2948 573 3029; x_wconf 93' lang='lat' dir='ltr'>summa</span> <span class='ocrx_word' id='word_1_116' title='bbox 591 2946 731 3029; x_wconf 85' lang='lat' dir='ltr'>flavum</span> <span class='ocrx_word' id='word_1_117' title='bbox 747 2963 858 3055; x_wconf 90' lang='lat' dir='ltr'>caput</span> <span class='ocrx_word' id='word_1_118' title='bbox 876 2944 1008 3027; x_wconf 85' lang='lat' dir='ltr'>extulit</span> <span class='ocrx_word' id='word_1_119' title='bbox 1024 2940 1138 3025; x_wconf 84' lang='lat' dir='ltr'>unda.</span> 
     </span>
    </p>

    <p class='ocr_par' dir='ltr' id='par_1_6' title="bbox 156 3086 1157 3338">
     <span class='ocr_line' id='line_1_20' title="bbox 156 3086 1157 3205; baseline -0.007 -37"><span class='ocrx_word' id='word_1_120' title='bbox 156 3089 207 3168; x_wconf 90' lang='lat' dir='ltr'>Et</span> <span class='ocrx_word' id='word_1_121' title='bbox 225 3088 374 3198; x_wconf 87' lang='lat' dir='ltr'>procul:</span> <span class='ocrx_word' id='word_1_122' title='bbox 403 3092 441 3171; x_wconf 95' lang='lat' dir='ltr'>O</span> <span class='ocrx_word' id='word_1_123' title='bbox 455 3089 598 3205; x_wconf 87' lang='lat' dir='ltr'>gemitu</span> <span class='ocrx_word' id='word_1_124' title='bbox 615 3117 691 3168; x_wconf 92' lang='lat' dir='ltr'>non</span> <span class='ocrx_word' id='word_1_125' title='bbox 706 3086 838 3169; x_wconf 88' lang='lat' dir='ltr'>frustra</span> <span class='ocrx_word' id='word_1_126' title='bbox 855 3087 1025 3168; x_wconf 86' lang='lat' dir='ltr'>exterrita</span> <span class='ocrx_word' id='word_1_127' title='bbox 1040 3100 1157 3185; x_wconf 89' lang='lat' dir='ltr'>tanto,</span> 
     </span>
     <span class='ocr_line' id='line_1_21' title="bbox 156 3225 1036 3338; baseline -0.001 -34"><span class='ocrx_word' id='word_1_128' title='bbox 156 3229 301 3335; x_wconf 87' lang='lat' dir='ltr'>Cyrene</span> <span class='ocrx_word' id='word_1_129' title='bbox 319 3226 419 3309; x_wconf 92' lang='lat' dir='ltr'>soror</span> <span class='ocrx_word' id='word_1_130' title='bbox 429 3269 443 3328; x_wconf 77' lang='lat'>3</span> <span class='ocrx_word' id='word_1_131' title='bbox 474 3229 549 3338; x_wconf 89' lang='lat' dir='ltr'>ipse</span> <span class='ocrx_word' id='word_1_132' title='bbox 567 3227 647 3325; x_wconf 91' lang='lat' dir='ltr'>tibi,</span> <span class='ocrx_word' id='word_1_133' title='bbox 675 3246 739 3307; x_wconf 89' lang='lat' dir='ltr'>tua</span> <span class='ocrx_word' id='word_1_134' title='bbox 756 3225 922 3308; x_wconf 85' lang='lat' dir='ltr'>maxima</span> <span class='ocrx_word' id='word_1_135' title='bbox 935 3248 1036 3324; x_wconf 87' lang='lat' dir='ltr'>cura,</span> 
     </span>
    </p>

    <p class='ocr_par' dir='ltr' id='par_1_7' title="bbox 157 3367 1217 3618">
     <span class='ocr_line' id='line_1_22' title="bbox 157 3367 1217 3478; baseline -0.003 -29"><span class='ocrx_word' id='word_1_136' title='bbox 157 3371 289 3451; x_wconf 85' lang='lat' dir='ltr'>Tristis</span> <span class='ocrx_word' id='word_1_137' title='bbox 301 3372 500 3469; x_wconf 84' lang='lat' dir='ltr'>Aristaeus,</span> <span class='ocrx_word' id='word_1_138' title='bbox 531 3371 644 3452; x_wconf 90' lang='lat' dir='ltr'>Penei</span> <span class='ocrx_word' id='word_1_139' title='bbox 657 3368 829 3478; x_wconf 88' lang='lat' dir='ltr'>genitoris</span> <span class='ocrx_word' id='word_1_140' title='bbox 843 3369 892 3449; x_wconf 89' lang='lat' dir='ltr'>ad</span> <span class='ocrx_word' id='word_1_141' title='bbox 906 3367 1048 3448; x_wconf 86' lang='lat' dir='ltr'>undam</span> <span class='ocrx_word' id='word_1_142' title='bbox 1133 3390 1154 3475; x_wconf 90' lang='lat'>3</span> <span class='ocrx_word' id='word_1_143' title='bbox 1164 3388 1217 3475; x_wconf 90' lang='lat'>55</span> 
     </span>
     <span class='ocr_line' id='line_1_23' title="bbox 157 3484 1083 3618; baseline 0.001 -31"><span class='ocrx_word' id='word_1_144' title='bbox 157 3509 233 3589; x_wconf 88' lang='lat' dir='ltr'>Stat</span> <span class='ocrx_word' id='word_1_145' title='bbox 247 3510 466 3618; x_wconf 84' lang='lat' dir='ltr'>lacrymans,</span> <span class='ocrx_word' id='word_1_146' title='bbox 498 3528 534 3591; x_wconf 90' lang='lat' dir='ltr'>et</span> <span class='ocrx_word' id='word_1_147' title='bbox 550 3530 585 3592; x_wconf 92' lang='lat' dir='ltr'>te</span> <span class='ocrx_word' id='word_1_148' title='bbox 599 3484 789 3591; x_wconf 86' lang='lat' dir='ltr'>crudelem</span> <span class='ocrx_word' id='word_1_149' title='bbox 810 3509 963 3590; x_wconf 88' lang='lat' dir='ltr'>nomine</span> <span class='ocrx_word' id='word_1_150' title='bbox 980 3505 1083 3588; x_wconf 90' lang='lat' dir='ltr'>dicit.</span> 
     </span>
    </p>

    <p class='ocr_par' dir='ltr' id='par_1_8' title="bbox 158 3646 1100 3758">
     <span class='ocr_line' id='line_1_24' title="bbox 158 3646 1100 3758; baseline -0.004 -33"><span class='ocrx_word' id='word_1_151' title='bbox 158 3647 262 3727; x_wconf 90' lang='lat' dir='ltr'>Huic</span> <span class='ocrx_word' id='word_1_152' title='bbox 279 3648 443 3758; x_wconf 88' lang='lat' dir='ltr'>perculsa</span> <span class='ocrx_word' id='word_1_153' title='bbox 459 3679 555 3733; x_wconf 89' lang='lat' dir='ltr'>nova</span> <span class='ocrx_word' id='word_1_154' title='bbox 569 3666 737 3733; x_wconf 86' lang='lat' dir='ltr'>mentem</span> <span class='ocrx_word' id='word_1_155' title='bbox 750 3646 952 3727; x_wconf 90' lang='lat' dir='ltr'>formidine</span> <span class='ocrx_word' id='word_1_156' title='bbox 969 3662 1100 3740; x_wconf 89' lang='lat' dir='ltr'>mater,</span> 
     </span>
    </p>

    <p class='ocr_par' dir='ltr' id='par_1_9' title="bbox 157 3783 1221 4178">
     <span class='ocr_line' id='line_1_25' title="bbox 158 3783 1065 3894; baseline -0.002 -31"><span class='ocrx_word' id='word_1_157' title='bbox 158 3786 248 3865; x_wconf 94' lang='lat' dir='ltr'>Duc</span> <span class='ocrx_word' id='word_1_158' title='bbox 263 3815 341 3894; x_wconf 91' lang='lat' dir='ltr'>age,</span> <span class='ocrx_word' id='word_1_159' title='bbox 372 3790 445 3871; x_wconf 92' lang='lat' dir='ltr'>duc</span> <span class='ocrx_word' id='word_1_160' title='bbox 463 3790 510 3872; x_wconf 87' lang='lat' dir='ltr'>ad</span> <span class='ocrx_word' id='word_1_161' title='bbox 527 3818 619 3887; x_wconf 80' lang='lat' dir='ltr'>nos3</span> <span class='ocrx_word' id='word_1_162' title='bbox 651 3786 706 3867; x_wconf 83' lang='lat' dir='ltr'>sas</span> <span class='ocrx_word' id='word_1_163' title='bbox 722 3786 776 3865; x_wconf 89' lang='lat' dir='ltr'>illi</span> <span class='ocrx_word' id='word_1_164' title='bbox 790 3785 919 3865; x_wconf 90' lang='lat' dir='ltr'>limina</span> <span class='ocrx_word' id='word_1_165' title='bbox 932 3783 1065 3862; x_wconf 85' lang='lat' dir='ltr'>divum</span> 
     </span>
     <span class='ocr_line' id='line_1_26' title="bbox 158 3920 1072 4035; baseline -0.003 -32"><span class='ocrx_word' id='word_1_166' title='bbox 158 3927 344 4033; x_wconf 87' lang='lat' dir='ltr'>Tangere,</span> <span class='ocrx_word' id='word_1_167' title='bbox 377 3930 439 4008; x_wconf 88' lang='lat' dir='ltr'>ait.</span> <span class='ocrx_word' id='word_1_168' title='bbox 470 3930 579 4010; x_wconf 90' lang='lat' dir='ltr'>fimul</span> <span class='ocrx_word' id='word_1_169' title='bbox 598 3926 787 4035; x_wconf 88' lang='lat' dir='ltr'>altajubet</span> <span class='ocrx_word' id='word_1_170' title='bbox 801 3924 984 4004; x_wconf 87' lang='lat' dir='ltr'>discedere</span> <span class='ocrx_word' id='word_1_171' title='bbox 1000 3920 1072 4001; x_wconf 93' lang='lat' dir='ltr'>late</span> 
     </span>
     <span class='ocr_line' id='line_1_27' title="bbox 157 4059 1221 4178; baseline -0.006 -34"><span class='ocrx_word' id='word_1_172' title='bbox 157 4062 346 4163; x_wconf 88' lang='lat' dir='ltr'>Flumina,</span> <span class='ocrx_word' id='word_1_173' title='bbox 371 4069 597 4175; x_wconf 89' lang='lat' dir='ltr'>quajuvenis</span> <span class='ocrx_word' id='word_1_174' title='bbox 610 4066 748 4178; x_wconf 84' lang='lat' dir='ltr'>gressus</span> <span class='ocrx_word' id='word_1_175' title='bbox 759 4064 929 4146; x_wconf 88' lang='lat' dir='ltr'>inferret:</span> <span class='ocrx_word' id='word_1_176' title='bbox 956 4059 1115 4174; x_wconf 87' lang='lat' dir='ltr'>atillam</span> <span class='ocrx_word' id='word_1_177' title='bbox 1136 4059 1221 4167; x_wconf 84' lang='lat'>360</span> 
     </span>
    </p>
   </div>
   <div class='ocr_carea' id='block_1_3' title="bbox 159 4202 1224 4450">
    <p class='ocr_par' dir='ltr' id='par_1_10' title="bbox 159 4202 1224 4460">
     <span class='ocr_line' id='line_1_28' title="bbox 159 4202 1066 4321; baseline -0.011 -31"><span class='ocrx_word' id='word_1_178' title='bbox 159 4207 319 4321; x_wconf 69' lang='lat' dir='ltr'>Curvata</span> <span class='ocrx_word' id='word_1_179' title='bbox 335 4207 374 4290; x_wconf 92' lang='lat' dir='ltr'>in</span> <span class='ocrx_word' id='word_1_180' title='bbox 392 4210 528 4293; x_wconf 85' lang='lat' dir='ltr'>montis</span> <span class='ocrx_word' id='word_1_181' title='bbox 545 4210 681 4293; x_wconf 87' lang='lat' dir='ltr'>faciem</span> <span class='ocrx_word' id='word_1_182' title='bbox 694 4206 936 4290; x_wconf 87' lang='lat' dir='ltr'>circumstetit</span> <span class='ocrx_word' id='word_1_183' title='bbox 953 4202 1066 4296; x_wconf 90' lang='lat' dir='ltr'>unda,</span> 
     </span>
     <span class='ocr_line' id='line_1_29' title="bbox 464 4320 1224 4450; baseline -0.005 -35.833"><span class='ocrx_word' id='word_1_184' title='bbox 464 4320 480 4326; x_wconf 40' lang='lat'>&#39;⁸</span> <span class='ocrx_word' id='word_1_185' title='bbox 706 4347 725 4427; x_wconf 92' lang='lat'>1</span> <span class='ocrx_word' id='word_1_186' title='bbox 928 4337 932 4345; x_wconf 46' lang='lat'>⁸</span> <span class='ocrx_word' id='word_1_187' title='bbox 991 4335 1224 4450; x_wconf 85' lang='lat' dir='ltr'>Accepitque</span> 
     </span>
    </p>
   </div>
   <div class='ocr_carea' id='block_1_4' title="bbox 0 0 1479 5190">
    <p class='ocr_par' dir='ltr' id='par_1_11' title="bbox 0 0 1479 5190">
     <span class='ocr_line' id='line_1_30' title="bbox 0 0 1479 5190; baseline 0 0"><span class='ocrx_word' id='word_1_188' title='bbox 0 0 1479 5190; x_wconf 95' lang='lat' dir='ltr'> </span> 
     </span>
    </p>
   </div>
  </div>
 </body>
</html>
