2940 5190
330 328 690 425 Gli-onorem
731 325 852 424 [η.
884 298 967 428 IV.
1003 334 1014 348 ''
1112 316 1229 431 ror

131 533 211 612 Ore
228 529 365 630 ferunt,
395 531 548 614 dulcem
566 532 662 614 nidis
676 533 887 617 immitibus
901 535 1036 620 escam.
1071 547 1075 555 '

113 647 186 753 ¹At
198 673 333 784 liquidi
349 674 483 771 fontes,
514 692 552 756 et
568 674 696 785 stagna
715 676 869 756 virentia
880 678 1025 775 musco,
1173 711 1176 718 ·

129 813 279 912 Adfint,
308 833 347 897 et
363 816 485 896 tenuis
501 815 648 924 fugiens
662 842 729 926 per
741 818 911 924 gramina
927 818 1040 920 rivus,

127 951 1205 1064 Palrmquevestibulumautingensoleasterinumbretaao'

128 1089 197 1190 Ut,
229 1120 321 1174 cum
338 1095 460 1204 prima
478 1095 566 1173 novi
584 1094 722 1173 ducent
734 1094 908 1174 examina
926 1123 1029 1204 reges

127 1227 229 1314 Vere
243 1231 323 1333 suo,
357 1234 533 1341 ludetque
550 1232 645 1313 favis
661 1231 789 1313 emilla
802 1235 990 1343 juventus,

128 1369 266 1453 Vicina
282 1374 413 1455 invitet
432 1375 609 1455 decedere
626 1375 706 1483 ripa
725 1373 852 1473 calori,

128 1510 328 1621 Obviaque
344 1509 510 1623 hospitiis
530 1532 651 1595 teneat
667 1512 925 1597 frondentibus
943 1515 1063 1599 arbos.

34 1694 37 1701 ·
128 1650 176 1730 ln
189 1652 374 1748 medium,
392 1652 455 1732 seu
472 1652 580 1732 stabit
593 1654 701 1752 iners,
717 1654 780 1734 seu
795 1653 957 1764 profluet
967 1654 1122 1756 humor,
1145 1681 1167 1740 a
1175 1683 1200 1769 ς

126 1791 361 1872 Transversas
379 1791 502 1874 salices
519 1812 557 1875 et
570 1794 723 1903 grandia
737 1796 879 1903 conjice
892 1795 1004 1895 saxa3

126 1929 309 2012 Pontibus
324 1949 366 2011 ut
378 1933 515 2014 crebris
533 1933 669 2043 poffint
682 1933 889 2032 consistere,
921 1954 959 2016 et
976 1935 1051 2017 alas

126 2070 293 2153 Pandere
310 2075 358 2152 ad
378 2074 559 2153 aestivum
578 2075 719 2170 solem;
752 2073 894 2154 srforte
912 2095 1100 2157 morantes

128 2212 313 2320 Sparserit,
344 2232 408 2293 aut
422 2241 596 2322 praeceps
606 2215 789 2321 Neptuno
808 2213 1030 2296 immerserit
1041 2223 1166 2301 curun'

129 2350 238 2430 Haec
256 2351 402 2431 circum
419 2352 533 2431 casrae
552 2351 697 2447 virideS,
728 2368 766 2431 et
782 2350 920 2432 olentia
932 2351 1006 2433 late
1144 2384 1203 2470 30

131 2487 308 2596 Serpylla‚
340 2508 377 2571 et
396 2490 552 2599 graviter
569 2489 734 2600 spirantis
754 2491 863 2600 copia
876 2489 1075 2599 thymbrae

125 2629 287 2727 Floreat,
319 2631 575 2740 irriguumque
592 2632 724 2734 bibant
742 2631 893 2712 violatia
911 2633 1093 2717 fontem..

129 2769 213 2878 Ipsa
231 2788 369 2869 autem,
400 2771 462 2853 seu
480 2770 678 2851 corticibus
694 2772 762 2851 tibi
777 2770 855 2854 suta
871 2773 1019 2883 cavatis,

129 2913 203 2991 Seu
221 2911 322 2991 lento
341 2910 479 2993 fuerint
500 2912 655 2995 alvearia
674 2913 818 3018 vimine
836 2930 951 3011 texta,

131 3051 322 3160 Angustos
338 3050 500 3134 habeant
516 3053 655 3133 aditusr
687 3053 932 3161 namfrigore
950 3049 1063 3133 mella
1147 3078 1203 3165 35

130 3191 245 3299 Cogit
261 3190 408 3299 hyems,
441 3193 648 3301 eademque
667 3191 766 3271 calor
786 3190 983 3300 liquefadta
999 3189 1167 3275 remittit.

132 3329 302 3438 Utraque
319 3332 373 3411 vis
391 3331 521 3441 apibus
536 3332 669 3439 pariter
687 3330 912 3414 metuenda:
945 3357 1067 3447 neque
1080 3328 1167 3410 illae

133 3468 404 3579 Nequicquam
423 3472 462 3550 in
480 3472 585 3552 tediis
605 3471 774 3552 certatim
790 3470 915 3551 tenuia
928 3496 1013 3551 cera

133 3607 367 3716 spiramenta
384 3611 519 3710 linunt,
550 3611 714 3720 fucoque
733 3629 769 3691 et
783 3610 935 3690 floribus
950 3636 1032 3690 oras
1124 3607 1127 3616 ’

131 3747 311 3859 Explent,
342 3750 620 3860 colledlumque
634 3749 878 3858 haeeipsaad
891 3772 1049 3827 munera
1064 3744 1209 3854 gluten,

132 3887 184 3967 Et
203 3886 303 3969 visco
320 3904 358 3968 et
372 3888 556 4000 Phrygiae
571 3889 714 3970 servant
731 3886 814 3996 pice
831 3883 964 3966 lentius
978 3883 1079 3966 Idae.
1150 3913 1206 3994 41

134 4027 251 4137 Saepe
269 4029 385 4109 etiam
398 4029 534 4112 effoffis
552 4030 598 4141 (fi
617 4056 702 4112 vera
718 4025 772 4108 est
787 4021 909 4129 fama)
928 4022 1077 4105 latebris
1203 4078 1207 4089 ·

135 4166 213 4251 sub
229 4186 324 4252 terra
340 4169 468 4255 fodere
487 4172 618 4269 larem,
649 4166 868 4282 penitusque
887 4182 1053 4277 repertae
1178 4197 1180 4201 ·

584 4313 628 4398 Η
658 4341 682 4430 3
923 4297 1218 4409 Pumicibusque
