2940 5190
476 374 529 473 P.
562 370 845 471 V'racliir
878 369 1168 467 Murmure

270 573 383 692 stili,
413 553 789 664 burriue'ne'rande.
812 574 938 686 {gitur
955 573 1136 686 scriptum
1151 569 1357 656 fuiffecu

288 721 405 804 licem
437 716 629 830 probabile
650 716 719 819 est,
764 742 857 796 cum
884 713 1063 795 Oc'taviua
1082 711 1211 822 aliquo
1231 713 1272 794 in
1288 738 1362 794 no-

289 863 396 950 mine
414 861 538 972 coepit
556 857 647 942 effe:
669 858 778 940 'circa
794 858 835 938 id
850 855 1043 969 terliporis,
1075 884 1154 967 quo
1168 832 1364 941 donatusa
1416 843 1419 850 ¹

290 1003 397 1113 Julio
414 999 575 1082 Caesare·
587 997 808 1080 militaribus
822 996 943 1096 donis,
974 1024 1065 1079 eum
1078 997 1118 1078 in
1138 997 1366 1110 Hispanien-

291 1149 344 1230 fla
360 1145 475 1228 castra
488 1120 711 1246 stcumsel'r,
742 1168 841 1224 anno
858 1142 911 1223 U.
926 1143 973 1222 C.
989 1139 1133 1221 circiter
1148 1170 1251 1253 709.
1281 1140 1366 1221 Oc·

292 1285 382 1368 favii
407 1316 473 1396 19·
488 1259 726 1394 Virgilli'au.
775 1279 891 1391 Qud
909 1279 993 1390 quis
1009 1279 1160 1364 credat?
1210 1276 1368 1389 Virgili-

295 1435 366 1508 um
390 1427 439 1506 ab
450 1404 680 1506 'illaeulic'is
702 1423 864 1506 exilitate
882 1423 933 1502 ita
949 1437 1100 1533 repente
1117 1418 1367 1520 convaluifle3

295 1583 340 1648 ut
356 1590 456 1647 anno
474 1561 556 1676 post
573 1564 680 1647 tertio
693 1581 871 1675 quartove
896 1562 1073 1679 Bucolica
1103 1560 1261 1643 scribere
1284 1577 1368 1643 tam

295 1683 482 1817 aequibili
506 1721 544 1788 et
562 1705 685 1789 vivido
710 1708 748 1788 'et
772 1724 872 1818 puro
890 1705 1009 1786 nitore
1041 1702 1233 1816 inceperit.
1293 1701 1370 1784 His

297 1845 679 1958 addumrut'putehi,
711 1845 890 1926 insulsum
902 1842 1011 1924 illurn
1029 1840 1218 1942 Culicem,
1250 1867 1369 1950 quern

298 1974 485 2067 hiberius
508 1995 603 2095 -pr'ae
628 1982 818 2082 inanibus,
849 1981 897 2062 ab
910 1982 1038 2092 inepto
1054 1980 1181 2092 aliquo
1193 1979 1374 2093 posterio-

299 2146 390 2206 rum
408 2142 579 2206 aetatum
597 2123 769 2236 scriPtore
787 2122 921 2205 ficium
935 2123 1025 2206 elle:
1075 2124 1142 2232 qui
1160 2149 1253 2204 curn
1270 2119 1375 2230 apud

98 2258 129 2303 ”
299 2257 440 2345 veteres
467 2262 610 2345 laudari
644 2264 776 2375 paffim
809 2263 958 2353 viderer
976 2262 1182 2372 juvenilem
1200 2260 1373 2343 Maronis

299 2400 478 2484 Culicem
486 2438 500 2499 ς
516 2401 704 2483 amiffum
715 2403 824 2485 illurn
842 2403 933 2486 vitio
949 2422 1166 2513 temporum
1184 2401 1375 2487 restituere

301 2566 371 2656 per
399 2539 537 2623 ludarii
560 2542 625 2623 alit
655 2571 723 2656 per
751 2546 941 2627 summam
971 2544 1167 2626 audaciam
1199 2543 1373 2641 voluerit,

302 2677 504 2794 quomodo
523 2682 697 2798 delnecps
723 2712 746 2766 a
773 2685 963 2768 leviffimis
987 2686 1222 2797 scriptoribus
1254 2685 1377 2767 multa

303 2819 486 2906 malitiose
503 2818 664 2906 conficta
680 2824 776 2924 sunt,
807 2844 851 2907 ut
867 2826 1033 2909 Cornelii
1048 2825 1152 2908 Galli
1164 2825 1320 2936 elegiae,
1337 2841 1377 2909 et

128 3076 131 3084 ,
299 2986 420 3074 nuper
437 2958 601 3045 Petronii
614 2963 882 3076 fiagnientum.

367 3098 575 3184 ldem‘esto
586 3105 633 3185 de
651 3103 736 3188 <ari
744 3108 944 3214 judicium,
989 3137 1106 3217 quam
1125 3107 1254 3190 Ovidii
1275 3124 1376 3190 tem·

301 3261 400 3352 pore
422 3236 665 3349 posteriurem
686 3241 758 3324 effe
771 3243 909 3325 indicet
927 3244 1084 3354 Scyllae,
1116 3248 1228 3359 patris
1252 3264 1291 3327 et
1308 3273 1378 3357 pa·

306 3375 398 3460 triae
410 3378 561 3459 ruinam
578 3379 804 3481 meditantis,
843 3412 934 3465 cum
953 3386 1096 3468 nutrice
1113 3382 1378 3496 colloquium

309 3511 416 3596 locus
432 3516 591 3598 omnino
605 3499 833 3602 exaratus'ad
845 3523 1128 3604 fimilitudinem
1145 3523 1244 3606 illius
1260 3521 1382 3604 collo-

307 3654 405 3766 quii,
435 3654 680 3764 quod‘habet
709 3658 871 3771 Myrrha
893 3662 1008 3776 'patris
1035 3688 1164 3746 amore
1185 3663 1380 3751 insariam
1421 3706 1424 3712 ·

306 3814 402 3877 cum
416 3795 560 3878 nutrice
573 3796 666 3881 item
682 3798 757 3900 sua,
789 3802 953 3886 Metam.
975 3804 1002 3888 l.
1023 3836 1065 3915 9.
1107 3806 1195 3888 Nec
1222 3804 1382 3888 abstinet

303 3931 456 4042 Scyllae
473 3937 601 4018 nutrix
607 3937 663 4020 ab
680 3938 857 4056 exemplo
871 3943 980 4054 ipfius
991 3943 1174 4054 Myrrhae
1186 3945 1380 4058 proferen-

308 4070 384 4156 do:
416 4091 459 4180 ut
476 4073 586 4186 plane
602 4076 816 4163 existimem
825 4082 1001 4167 fluorem
1018 4084 1132 4168 illurn
1149 4085 1380 4198 Virgilianae

310 4211 421 4316 Ciris,
447 4214 501 4298 ad
526 4214 731 4329 Myrrham
757 4223 987 4347 Ovidiuuam
1018 4224 1114 4314 inter
1141 4224 1381 4313 scribendum

1250 4367 1382 4455 oculos
