2940 5190
178 337 251 452 μ’
365 313 417 410 Ρ.
451 313 719 407 Vrnerrrr
753 312 1030 412 Mrnonro
1165 302 1167 306 ’

176 512 378 622 Dulichias
394 515 539 600 vexasse
555 534 661 619 rates,
693 533 732 598 et
748 515 893 627 gurgite
910 515 951 599 in
968 513 1046 599 alto

176 651 245 740 Ah
262 652 416 774 timidos
427 673 561 739 nautas
589 655 744 737 canibus
761 653 929 737 lacerasse
946 651 1126 772 marinis?

178 798 261 881 Aut
272 812 322 885 ut,
334 813 497 878 mutatos
516 796 632 877 Terei
649 795 848 880 narraverit
863 813 987 879 artust

177 941 284 1049 Qas
296 935 352 1019 illi
366 936 578 1035 Philomela
594 938 719 1051 dapes,
749 966 846 1050 quae
863 937 962 1020 dona
972 935 1130 1050 pararit?

178 1082 273 1176 Quo
286 1077 396 1161 cursu
413 1080 552 1163 deserta
564 1081 746 1190 petiverit,
778 1098 817 1162 et
831 1079 968 1191 q'uibus
984 1094 1070 1161 ante
1192 1071 1248 1159 80

178 1219 320 1342 Infelix
332 1221 510 1307 suatedla
522 1223 833 1336 supervolitaverit
850 1195 916 1304 alis
930 1227 945 1306 i

178 1363 324 1446 Omnia
336 1390 445 1473 quae,
477 1363 634 1448 Phoebo
648 1365 842 1473 quondam
862 1360 1080 1472 meditante,
1090 1357 1219 1440 heatus

181 1502 319 1613 Audiit
334 1503 505 1601 Eurotas,
526 1503 705 1614 juffitque
722 1505 880 1586 ediscere
890 1502 1025 1600 lauros,
1343 1503 1351 1513 “

154 1666 163 1680 ·
183 1616 254 1722 Ille
271 1638 394 1723 canite
424 1640 549 1752 pulsae
566 1642 732 1725 referunt
748 1644 796 1725 ad
815 1643 930 1723 fidera
941 1641 1066 1721 valles.
1265 1740 1269 1746 .

182 1772 330 1890 Cogere
343 1774 465 1862 donec
475 1808 563 1864 oves
576 1781 741 1884 stabulis,
756 1807 1036 1889 numerumque
1047 1774 1182 1859 referre
1195 1771 1216 1855 8
1225 1798 1249 1883 5

185 1920 310 2033 Juslit,
337 1935 376 2003 et
385 1918 504 2003 invito
522 1921 693 2034 proceffit
711 1923 836 2035 vesper
847 1919 1033 2030 Olympo.

257 2283 262 2290 .
411 2183 853 2287 ECLOGA
922 2187 1029 2280 VII.

301 2428 305 2433 ,
432 2341 1002 2461 Memnonos.

325 2605 621 2707 Memnonos,
643 2609 873 2703 Conrnon,
902 2609 1117 2691 Turnsrs.

153 2740 312 2869 ΜΗ.
426 2747 519 2827 Orte
529 2745 597 2828 sub
608 2764 737 2858 arguta
747 2744 960 2828 consederat
974 2748 1058 2829 ilice
1071 2742 1258 2858 Daphnis,

307 2986 315 2998 ,
452 2887 800 3002 compulerantque
833 2913 962 2997 greges
1002 2888 1182 3000 Corydon
1222 2902 1261 2966 et

111 3124 115 3133 .
552 3027 710 3139 Thyrfis
727 3029 768 3108 in
781 3054 923 3109 unum:
965 3014 969 3023 ¹

191 3166 350 3279 Thyrsrs
366 3198 466 3286 oves,
491 3169 672 3279 Corydon
690 3167 864 3251 distentas
885 3167 979 3265 lade
998 3169 1169 3280 capellas.

29 3404 33 3414 ⁵
189 3308 325 3427 slmbo
340 3309 512 3393 florentes
526 3308 718 3405 aetatibus,
749 3305 915 3387 Arcades
936 3307 1076 3405 amb03

65 3462 67 3466 ’
189 3447 244 3529 Et
262 3467 408 3529 cantare
425 3475 542 3561 pares,
573 3466 611 3527 et
627 3446 845 3558 respondere
860 3446 1016 3554 parati..
1059 3533 1062 3537 ‚
1233 3474 1257 3556 ς

191 3585 272 3668 Hic
295 3587 405 3693 mihi,
436 3587 532 3668 dum
544 3604 686 3667 teneras
700 3583 864 3666 defendo
882 3613 904 3664 a
921 3583 1058 3692 frigore
1072 3601 1228 3690 myrtoS,

15 3750 18 3758 ’
191 3718 262 3806 Vir
275 3725 395 3834 gregis
408 3722 853 3834 ipsecaperdeerraverat:
867 3707 979 3831 atque
987 3750 1058 3831 ego
1067 3721 1266 3832 Daphnim

191 3865 368 3976 Aspicioe
399 3862 463 3945 ille
476 3861 542 3944 ubi
555 3889 621 3942 me
638 3879 766 3943 contra
777 3860 877 3941 videt
884 3901 897 3958 ς
931 3862 1060 3961 Ocius,
1095 3863 1231 3973 inquit,

190 4001 284 4082 Huc
301 4000 401 4097 ades,
422 4025 448 4077 o
466 3994 678 4097 Meliboee:
710 4025 821 4108 caper
837 3996 907 4077 tibi
926 3996 1057 4099 salvus,
1078 4018 1116 4081 et
1127 3999 1240 4085 hoedi
1249 4043 1262 4101 3

189 4140 255 4238 Et,
285 4135 421 4249 siquid
437 4132 570 4246 cessare
583 4152 701 4245 potes,
730 4134 916 4247 requiesce
932 4136 999 4219 sub
1014 4140 1161 4228 umbra.
1209 4172 1262 4230 ιο

1079 4294 1082 4299 ’
1170 4283 1263 4367 Huc
