2940 5190
397 355 735 456 ,Aruamos
772 347 884 442 er.
910 347 971 442 ΙΙ.
1091 379 1213 497 121

150 559 394 652 Vestibulum
407 574 492 639 ante
505 552 629 665 ipsum
643 551 843 665 primoque
856 549 896 630 in
912 548 1043 633 limine
1058 546 1223 662 Pyrrhus

153 704 321 802 Exultat,
354 699 435 805 telis
452 717 490 779 et
509 696 593 778 luce
606 694 779 777 coruscus
795 689 944 809 ahena
1132 721 1222 807 470

153 844 286 952 Qalis
304 839 370 924 ubi
389 842 428 922 in
437 838 568 953 'lucem
587 837 753 933 coluber,
785 833 885 915 mala
901 832 1071 943 gramina
1089 832 1224 946 pastus,

154 985 307 1094 Frigida
324 981 391 1061 sub
409 997 504 1060 terra
517 977 710 1058 tumidum
727 996 844 1085 quem
858 975 993 1055 bruma
1004 976 1164 1086 tegebat,

140 1130 274 1210 Nunc
293 1123 416 1236 posrtis
433 1147 553 1202 novus
570 1119 725 1221 exuviis,
759 1117 969 1226 nitidusque·
976 1119 1143 1227 juventa,

126 1359 130 1364 ⁴
155 1265 321 1348 Lubrica
338 1259 527 1342 convolvit
542 1258 684 1340 sublato
701 1260 850 1368 petitore
862 1275 964 1366 terga

156 1378 309 1486 Arduus
323 1403 372 1483 ad
389 1402 519 1502 solem,
548 1419 587 1481 et
603 1399 740 1507 linguis
752 1398 867 1479 micat
878 1426 942 1478 ore
952 1399 1119 1485 trisulcis.
1136 1367 1224 1517 47⁶5
1271 1416 1275 1423 ·
1388 1435 1389 1439 κ

157 1549 246 1639 Una
267 1547 397 1655 ingens
414 1539 607 1654 Periphas,
637 1559 676 1625 et
693 1569 881 1652 equorum
892 1539 1046 1650 agitator
1063 1541 1226 1629 Achillis

157 1687 337 1794 Armiger
355 1685 599 1765 Automedon
609 1723 622 1781 ς
654 1712 728 1764 una
746 1681 871 1765 omnis
891 1682 1016 1791 Scyria
1033 1684 1152 1795 pubes

160 1827 375 1910 Succedunt
387 1829 500 1923 tecto,
530 1824 750 1907 etflammas
770 1823 819 1906 ad
837 1823 1167 1935 culminaJattant.

160 1966 241 2078 Ipse
254 1967 349 2048 inter
366 1965 520 2076 primos,
551 1983 720 2077 correpta
737 1967 830 2047 dura
846 1964 1000 2074 bipenni

160 2107 314 2196 Limina
328 2104 549 2216 perrumpit,
581 2104 775 2214 postesque
791 2103 974 2185 aoerdine
994 2106 1098 2190 vellit
1139 2109 1229 2217 480

160 2248 340 2327 Aeratos:
367 2247 524 2353 jamque
541 2244 661 2324 excisa
671 2243 773 2324 trabe
787 2241 896 2321 firma
907 2245 1048 2324 cavavit

160 2385 329 2481 Robora,
359 2399 397 2463 et
416 2383 608 2490 ingentem
628 2381 704 2462 lato
724 2381 828 2462 dedit
844 2408 908 2461 ore
925 2379 1138 2470 fenestram.

162 2527 333 2636 Apparet
349 2524 486 2605 domus
504 2523 616 2626 intus,
648 2541 686 2604 et
701 2524 791 2603 atria
803 2522 914 2632 longa
926 2526 1141 2636 patescunt:

169 2669 365 2778 Apparent
379 2665 519 2746 Priami
535 2683 573 2746 et
585 2682 753 2746 veterum
764 2665 963 2775 penetralia
982 2683 1139 2777 regum:

166 2806 419 2914 Armatosque
439 2804 566 2885 vident
578 2803 711 2885 stantes
729 2804 769 2883 in
790 2804 920 2883 limine
930 2806 1067 2915 primo.
1142 2810 1198 2916 48
1205 2839 1229 2923 5

229 2945 285 3037 At
305 2942 441 3022 domus
459 2944 610 3025 interior
629 2943 773 3053 gemitu
794 2943 1001 3053 miseroque
1019 2949 1186 3032 tumultu

163 3081 359 3183 Miscetur,
391 3083 610 3195 penitusque
626 3111 735 3166 cavae
754 3083 992 3194 plangoribus
1010 3087 1117 3171 aedes

163 3222 378 3304 Foemineis
397 3222 570 3309 ululant·
584 3222 790 3305 feritaurea
807 3223 923 3305 fidcra
941 3224 1097 3312 clamor.

164 3364 275 3460 Tum
294 3363 447 3474 pavidae
458 3365 562 3446 tectis
577 3382 712 3447 matres
722 3343 934 3475 ingentibus
950 3387 1083 3467 errant,

170 3504 460 3616 Amplexaeque
471 3525 599 3588 tenent
612 3506 745 3617 postes,
753 3523 866 3617 atque
877 3506 1000 3591 oscula
1010 3509 1233 3624 figunt.490
1358 3510 1363 3517 ’

166 3641 284 3725 Instat
294 3647 329 3725 vi
342 3648 460 3758 patria
474 3645 639 3756 Pyrrhus
646 3686 660 3747 5
691 3676 761 3728 nec
773 3647 941 3749 claustra,
969 3678 1093 3759 neque
1107 3649 1175 3759 ipti

164 3783 350 3875 ¹Custodes
361 3785 510 3896 sufferre
524 3787 658 3870 valent.
690 3785 789 3866 labat
803 3786 913 3866 ariete
924 3784 1054 3867 crebro
1221 3877 1226 3889 ¹

174 3924 309 4028 Janua,
341 3943 379 4006 et
398 3930 515 4010 emoti
536 3929 792 4040 procumbunt
807 3927 956 4008 cardine
974 3926 1109 4038 postes.

86 4060 114 4089 ⁸
168 4062 232 4163 Fit
247 4063 305 4143 via
322 4065 387 4149 vi:
416 4087 599 4180 rumpunt
609 4069 744 4170 aditus,
775 4068 989 4180 primosque
1002 4070 1191 4154 trucidant

168 4201 329 4290 Immiffi
344 4206 480 4329 Danai,
512 4225 550 4291 et
560 4207 632 4294 late
651 4207 733 4297 loca
747 4207 867 4294 milite
878 4206 1083 4334 complent.
1147 4235 1236 4320 495

1144 4347 1239 4433 Non
