<?xml version="1.0" encoding="UTF-8"?>
<!DOCTYPE html PUBLIC "-//W3C//DTD XHTML 1.0 Transitional//EN"
    "http://www.w3.org/TR/xhtml1/DTD/xhtml1-transitional.dtd">
<html xmlns="http://www.w3.org/1999/xhtml" xml:lang="en" lang="en">
 <head>
  <title>
</title>
<meta http-equiv="Content-Type" content="text/html;charset=utf-8" />
  <meta name='ocr-system' content='tesseract 3.04.00' />
  <meta name='ocr-capabilities' content='ocr_page ocr_carea ocr_par ocr_line ocrx_word'/>
</head>
<body>
  <div class='ocr_page' id='page_1' title='image "./publiivirgiliim01schegoog/publiivirgiliim01schegoog_0183.png"; bbox 0 0 2940 5190; ppageno 0'>
   <div class='ocr_carea' id='block_1_1' title="bbox 200 330 1280 471">
    <p class='ocr_par' dir='ltr' id='par_1_1' title="bbox 200 330 1280 471">
     <span class='ocr_line' id='line_1_1' title="bbox 200 330 1280 471; baseline -0.013 -1"><span class='ocrx_word' id='word_1_1' title='bbox 200 395 301 471; x_wconf 89' lang='lat'>110</span> <span class='ocrx_word' id='word_1_2' title='bbox 386 364 437 461; x_wconf 90' lang='lat' dir='ltr'>P.</span> <span class='ocrx_word' id='word_1_3' title='bbox 472 363 754 459; x_wconf 73' lang='lat' dir='ltr'>Vtaornrr&#39;</span> <span class='ocrx_word' id='word_1_4' title='bbox 779 330 1103 457; x_wconf 72' lang='lat' dir='ltr'>Mnnours’</span> <span class='ocrx_word' id='word_1_5' title='bbox 1276 402 1280 409; x_wconf 93' lang='lat'>·</span> 
     </span>
    </p>
   </div>
   <div class='ocr_carea' id='block_1_2' title="bbox 154 560 1340 835">
    <p class='ocr_par' dir='ltr' id='par_1_2' title="bbox 154 560 1340 835">
     <span class='ocr_line' id='line_1_2' title="bbox 154 560 1171 680; baseline -0.01 -22"><span class='ocrx_word' id='word_1_6' title='bbox 154 580 157 585; x_wconf 82' lang='lat'>&#39;</span> <span class='ocrx_word' id='word_1_7' title='bbox 192 574 277 659; x_wconf 77' lang='lat' dir='ltr'>Ant</span> <span class='ocrx_word' id='word_1_8' title='bbox 294 568 379 651; x_wconf 87' lang='lat' dir='ltr'>illae</span> <span class='ocrx_word' id='word_1_9' title='bbox 395 566 553 680; x_wconf 82' lang='lat' dir='ltr'>pedibus</span> <span class='ocrx_word' id='word_1_10' title='bbox 569 588 761 648; x_wconf 77' lang='lat' dir='ltr'>connexae</span> <span class='ocrx_word' id='word_1_11' title='bbox 777 560 827 644; x_wconf 86' lang='lat' dir='ltr'>ad</span> <span class='ocrx_word' id='word_1_12' title='bbox 843 562 976 646; x_wconf 87' lang='lat' dir='ltr'>limina</span> <span class='ocrx_word' id='word_1_13' title='bbox 994 563 1171 676; x_wconf 86' lang='lat' dir='ltr'>pendent,</span> 
     </span>
     <span class='ocr_line' id='line_1_3' title="bbox 194 703 1340 835; baseline -0.004 -40"><span class='ocrx_word' id='word_1_14' title='bbox 194 715 280 796; x_wconf 86' lang='lat' dir='ltr'>Aut</span> <span class='ocrx_word' id='word_1_15' title='bbox 295 711 395 793; x_wconf 90' lang='lat' dir='ltr'>intus</span> <span class='ocrx_word' id='word_1_16' title='bbox 409 707 539 791; x_wconf 82' lang='lat' dir='ltr'>clausis</span> <span class='ocrx_word' id='word_1_17' title='bbox 552 708 774 790; x_wconf 76' lang='lat' dir='ltr'>cunctantur</span> <span class='ocrx_word' id='word_1_18' title='bbox 786 704 828 785; x_wconf 90' lang='lat' dir='ltr'>in</span> <span class='ocrx_word' id='word_1_19' title='bbox 847 703 999 786; x_wconf 84' lang='lat' dir='ltr'>aedrbus</span> <span class='ocrx_word' id='word_1_20' title='bbox 1019 733 1166 811; x_wconf 77' lang='lat' dir='ltr'>omnes,</span> <span class='ocrx_word' id='word_1_21' title='bbox 1334 828 1340 835; x_wconf 29' lang='lat'><strong>·</strong></span> 
     </span>
    </p>
   </div>
   <div class='ocr_carea' id='block_1_3' title="bbox 174 844 1273 1521">
    <p class='ocr_par' dir='ltr' id='par_1_3' title="bbox 192 844 1273 1372">
     <span class='ocr_line' id='line_1_4' title="bbox 193 844 1146 962; baseline -0.007 -26"><span class='ocrx_word' id='word_1_22' title='bbox 193 854 432 962; x_wconf 70' lang='lat' dir='ltr'><strong>ignavaeque</strong></span> <span class='ocrx_word' id='word_1_23' title='bbox 444 849 560 949; x_wconf 83' lang='lat' dir='ltr'>fame,</span> <span class='ocrx_word' id='word_1_24' title='bbox 590 864 630 930; x_wconf 89' lang='lat' dir='ltr'>et</span> <span class='ocrx_word' id='word_1_25' title='bbox 646 848 838 928; x_wconf 72' lang='lat' dir='ltr'>coneauo</span> <span class='ocrx_word' id='word_1_26' title='bbox 853 844 991 956; x_wconf 86' lang='lat' dir='ltr'>frigore</span> <span class='ocrx_word' id='word_1_27' title='bbox 1008 846 1146 957; x_wconf 80' lang='lat' dir='ltr'>pigrae.</span> 
     </span>
     <span class='ocr_line' id='line_1_5' title="bbox 192 984 1273 1098; baseline 0.001 -26"><span class='ocrx_word' id='word_1_28' title='bbox 192 991 307 1075; x_wconf 91' lang='lat' dir='ltr'>Tum</span> <span class='ocrx_word' id='word_1_29' title='bbox 312 990 423 1073; x_wconf 84' lang='lat' dir='ltr'>sonus</span> <span class='ocrx_word' id='word_1_30' title='bbox 428 990 579 1072; x_wconf 91' lang='lat' dir='ltr'>auditur</span> <span class='ocrx_word' id='word_1_31' title='bbox 585 986 966 1098; x_wconf 74' lang='lat' dir='ltr'>gravior‚tra6quue</span> <span class='ocrx_word' id='word_1_32' title='bbox 973 984 1173 1071; x_wconf 82' lang='lat' dir='ltr'>susurrant:</span> <span class='ocrx_word' id='word_1_33' title='bbox 1185 990 1273 1073; x_wconf 82' lang='lat' dir='ltr'>ado</span> 
     </span>
     <span class='ocr_line' id='line_1_6' title="bbox 194 1129 1225 1244; baseline 0 -28"><span class='ocrx_word' id='word_1_34' title='bbox 194 1133 370 1244; x_wconf 82' lang='lat' dir='ltr'>Frigidus</span> <span class='ocrx_word' id='word_1_35' title='bbox 390 1150 432 1215; x_wconf 91' lang='lat' dir='ltr'>ut</span> <span class='ocrx_word' id='word_1_36' title='bbox 448 1133 643 1243; x_wconf 89' lang='lat' dir='ltr'>quondam</span> <span class='ocrx_word' id='word_1_37' title='bbox 661 1129 771 1239; x_wconf 88' lang='lat' dir='ltr'>sylvis</span> <span class='ocrx_word' id='word_1_38' title='bbox 788 1130 1059 1211; x_wconf 87' lang='lat' dir='ltr'>immurmurat</span> <span class='ocrx_word' id='word_1_39' title='bbox 1073 1130 1225 1230; x_wconf 81' lang='lat' dir='ltr'>auster;</span> 
     </span>
     <span class='ocr_line' id='line_1_7' title="bbox 195 1270 1143 1372; baseline -0.002 -16"><span class='ocrx_word' id='word_1_40' title='bbox 195 1275 255 1356; x_wconf 91' lang='lat' dir='ltr'>Ut</span> <span class='ocrx_word' id='word_1_41' title='bbox 272 1302 376 1357; x_wconf 88' lang='lat' dir='ltr'>mare</span> <span class='ocrx_word' id='word_1_42' title='bbox 392 1273 593 1356; x_wconf 87' lang='lat' dir='ltr'>sollicitum</span> <span class='ocrx_word' id='word_1_43' title='bbox 612 1271 742 1354; x_wconf 89' lang='lat' dir='ltr'>stridet</span> <span class='ocrx_word' id='word_1_44' title='bbox 755 1270 997 1352; x_wconf 85' lang='lat' dir='ltr'>refluentibus</span> <span class='ocrx_word' id='word_1_45' title='bbox 1013 1271 1143 1372; x_wconf 83' lang='lat' dir='ltr'>undis;</span> 
     </span>
    </p>

    <p class='ocr_par' dir='ltr' id='par_1_4' title="bbox 174 1401 1074 1521">
     <span class='ocr_line' id='line_1_8' title="bbox 174 1401 1074 1521; baseline 0 -24"><span class='ocrx_word' id='word_1_46' title='bbox 174 1401 177 1406; x_wconf 42' lang='grc'>’</span> <span class='ocrx_word' id='word_1_47' title='bbox 197 1415 356 1497; x_wconf 87' lang='lat' dir='ltr'>Aestuat</span> <span class='ocrx_word' id='word_1_48' title='bbox 374 1431 417 1496; x_wconf 89' lang='lat' dir='ltr'>ut</span> <span class='ocrx_word' id='word_1_49' title='bbox 434 1411 563 1494; x_wconf 86' lang='lat' dir='ltr'>claufis</span> <span class='ocrx_word' id='word_1_50' title='bbox 575 1410 725 1521; x_wconf 90' lang='lat' dir='ltr'>rapidus</span> <span class='ocrx_word' id='word_1_51' title='bbox 737 1409 950 1493; x_wconf 80' lang='lat' dir='ltr'>fornacibus</span> <span class='ocrx_word' id='word_1_52' title='bbox 964 1410 1074 1520; x_wconf 83' lang='lat' dir='ltr'>ignis.</span> 
     </span>
    </p>
   </div>
   <div class='ocr_carea' id='block_1_4' title="bbox 57 1538 1134 1663">
    <p class='ocr_par' dir='ltr' id='par_1_5' title="bbox 57 1538 1134 1663">
     <span class='ocr_line' id='line_1_9' title="bbox 57 1538 1134 1663; baseline -0.003 -25"><span class='ocrx_word' id='word_1_53' title='bbox 57 1538 62 1545; x_wconf 29' lang='lat'>³</span> <span class='ocrx_word' id='word_1_54' title='bbox 196 1555 279 1638; x_wconf 89' lang='lat' dir='ltr'>Hic</span> <span class='ocrx_word' id='word_1_55' title='bbox 288 1555 372 1663; x_wconf 88' lang='lat' dir='ltr'>jam</span> <span class='ocrx_word' id='word_1_56' title='bbox 389 1551 586 1662; x_wconf 79' lang='lat' dir='ltr'>galbaneos</span> <span class='ocrx_word' id='word_1_57' title='bbox 604 1551 766 1633; x_wconf 86' lang='lat' dir='ltr'>suadebo</span> <span class='ocrx_word' id='word_1_58' title='bbox 780 1551 977 1634; x_wconf 84' lang='lat' dir='ltr'>incendere</span> <span class='ocrx_word' id='word_1_59' title='bbox 989 1554 1134 1653; x_wconf 86' lang='lat' dir='ltr'>odores,</span> 
     </span>
    </p>
   </div>
   <div class='ocr_carea' id='block_1_5' title="bbox 141 1690 1290 4486">
    <p class='ocr_par' dir='ltr' id='par_1_6' title="bbox 197 1690 1273 1807">
     <span class='ocr_line' id='line_1_10' title="bbox 197 1690 1273 1807; baseline 0.002 -33"><span class='ocrx_word' id='word_1_60' title='bbox 197 1692 399 1802; x_wconf 87' lang='lat' dir='ltr'>Mellaque</span> <span class='ocrx_word' id='word_1_61' title='bbox 417 1690 630 1773; x_wconf 76' lang='lat' dir='ltr'>arundineis</span> <span class='ocrx_word' id='word_1_62' title='bbox 647 1690 781 1772; x_wconf 89' lang='lat' dir='ltr'>inferre</span> <span class='ocrx_word' id='word_1_63' title='bbox 801 1691 1002 1788; x_wconf 88' lang='lat' dir='ltr'>canalibus,</span> <span class='ocrx_word' id='word_1_64' title='bbox 1034 1691 1158 1807; x_wconf 25' lang='lat' dir='ltr'>ultro!</span> <span class='ocrx_word' id='word_1_65' title='bbox 1188 1693 1273 1806; x_wconf 77' lang='lat'>265</span> 
     </span>
    </p>

    <p class='ocr_par' dir='ltr' id='par_1_7' title="bbox 197 1829 1250 1940">
     <span class='ocr_line' id='line_1_11' title="bbox 197 1829 1250 1940; baseline -0.002 -25"><span class='ocrx_word' id='word_1_66' title='bbox 197 1834 443 1929; x_wconf 86' lang='lat' dir='ltr'>Hortantem,</span> <span class='ocrx_word' id='word_1_67' title='bbox 473 1849 513 1912; x_wconf 89' lang='lat' dir='ltr'>et</span> <span class='ocrx_word' id='word_1_68' title='bbox 525 1829 631 1911; x_wconf 73' lang='lat' dir='ltr'>feffas</span> <span class='ocrx_word' id='word_1_69' title='bbox 648 1830 696 1910; x_wconf 84' lang='lat' dir='ltr'>ad</span> <span class='ocrx_word' id='word_1_70' title='bbox 710 1829 850 1940; x_wconf 82' lang='lat' dir='ltr'>pabula</span> <span class='ocrx_word' id='word_1_71' title='bbox 866 1849 955 1911; x_wconf 89' lang='lat' dir='ltr'>nota</span> <span class='ocrx_word' id='word_1_72' title='bbox 971 1835 1183 1919; x_wconf 72' lang='lat' dir='ltr'>vocantem.</span> <span class='ocrx_word' id='word_1_73' title='bbox 1245 1889 1250 1901; x_wconf 87' lang='lat'>·</span> 
     </span>
    </p>

    <p class='ocr_par' dir='ltr' id='par_1_8' title="bbox 191 1966 1144 2079">
     <span class='ocr_line' id='line_1_12' title="bbox 191 1966 1144 2079; baseline 0 -29"><span class='ocrx_word' id='word_1_74' title='bbox 191 1969 370 2066; x_wconf 70' lang='lat' dir='ltr'>Proderit</span> <span class='ocrx_word' id='word_1_75' title='bbox 387 1986 427 2050; x_wconf 89' lang='lat' dir='ltr'>et</span> <span class='ocrx_word' id='word_1_76' title='bbox 442 1967 595 2050; x_wconf 86' lang='lat' dir='ltr'>tunsum</span> <span class='ocrx_word' id='word_1_77' title='bbox 609 1966 728 2078; x_wconf 81' lang='lat' dir='ltr'>gallae</span> <span class='ocrx_word' id='word_1_78' title='bbox 746 1966 948 2049; x_wconf 83' lang='lat' dir='ltr'>admiscere</span> <span class='ocrx_word' id='word_1_79' title='bbox 962 1968 1144 2079; x_wconf 87' lang='lat' dir='ltr'>saporem,</span> 
     </span>
    </p>

    <p class='ocr_par' dir='ltr' id='par_1_9' title="bbox 198 2107 1056 2223">
     <span class='ocr_line' id='line_1_13' title="bbox 198 2107 1056 2223; baseline -0.002 -29"><span class='ocrx_word' id='word_1_80' title='bbox 198 2111 432 2223; x_wconf 86' lang='lat' dir='ltr'>Arentesque</span> <span class='ocrx_word' id='word_1_81' title='bbox 445 2109 555 2209; x_wconf 85' lang='lat' dir='ltr'>rosas,</span> <span class='ocrx_word' id='word_1_82' title='bbox 585 2127 651 2192; x_wconf 92' lang='lat' dir='ltr'>aut</span> <span class='ocrx_word' id='word_1_83' title='bbox 666 2110 745 2220; x_wconf 88' lang='lat' dir='ltr'>igni</span> <span class='ocrx_word' id='word_1_84' title='bbox 762 2109 916 2219; x_wconf 81' lang='lat' dir='ltr'>pinguia</span> <span class='ocrx_word' id='word_1_85' title='bbox 932 2107 1056 2192; x_wconf 91' lang='lat' dir='ltr'>multo</span> 
     </span>
    </p>

    <p class='ocr_par' dir='ltr' id='par_1_10' title="bbox 200 2251 1132 2366">
     <span class='ocr_line' id='line_1_14' title="bbox 200 2251 1132 2366; baseline -0.004 -26"><span class='ocrx_word' id='word_1_86' title='bbox 200 2253 377 2352; x_wconf 82' lang='lat' dir='ltr'>Defruta,</span> <span class='ocrx_word' id='word_1_87' title='bbox 407 2252 468 2336; x_wconf 81' lang='lat' dir='ltr'>vel</span> <span class='ocrx_word' id='word_1_88' title='bbox 488 2251 634 2366; x_wconf 83' lang='lat' dir='ltr'>psythia</span> <span class='ocrx_word' id='word_1_89' title='bbox 651 2251 769 2364; x_wconf 76' lang='lat' dir='ltr'>pallos</span> <span class='ocrx_word' id='word_1_90' title='bbox 788 2251 933 2334; x_wconf 83' lang='lat' dir='ltr'>devite</span> <span class='ocrx_word' id='word_1_91' title='bbox 950 2279 1132 2353; x_wconf 76' lang='lat' dir='ltr'>racemos,</span> 
     </span>
    </p>

    <p class='ocr_par' dir='ltr' id='par_1_11' title="bbox 201 2393 1279 2649">
     <span class='ocr_line' id='line_1_15' title="bbox 201 2393 1279 2507; baseline -0.005 -27"><span class='ocrx_word' id='word_1_92' title='bbox 201 2395 505 2507; x_wconf 84' lang='lat' dir='ltr'>Cecropiumque</span> <span class='ocrx_word' id='word_1_93' title='bbox 529 2395 725 2504; x_wconf 87' lang='lat' dir='ltr'>thymum,</span> <span class='ocrx_word' id='word_1_94' title='bbox 759 2411 798 2477; x_wconf 91' lang='lat' dir='ltr'>et</span> <span class='ocrx_word' id='word_1_95' title='bbox 823 2420 932 2504; x_wconf 89' lang='lat' dir='ltr'>grave</span> <span class='ocrx_word' id='word_1_96' title='bbox 958 2393 1096 2477; x_wconf 89' lang='lat' dir='ltr'>olentia</span> <span class='ocrx_word' id='word_1_97' title='bbox 1127 2410 1279 2477; x_wconf 87' lang='lat' dir='ltr'>centau-</span> 
     </span>
     <span class='ocr_line' id='line_1_16' title="bbox 262 2511 1278 2649; baseline 0.002 -32"><span class='ocrx_word' id='word_1_98' title='bbox 262 2563 336 2618; x_wconf 81' lang='lat' dir='ltr'>rea.</span> <span class='ocrx_word' id='word_1_99' title='bbox 376 2631 378 2634; x_wconf 17' lang='lat'>¹</span> <span class='ocrx_word' id='word_1_100' title='bbox 712 2511 716 2516; x_wconf 37' lang='grc'><strong><em>’</em></strong></span> <span class='ocrx_word' id='word_1_101' title='bbox 1190 2562 1278 2649; x_wconf 87' lang='lat'>270</span> 
     </span>
    </p>

    <p class='ocr_par' dir='ltr' id='par_1_12' title="bbox 198 2671 1100 2784">
     <span class='ocr_line' id='line_1_17' title="bbox 198 2671 1100 2784; baseline -0.006 -24"><span class='ocrx_word' id='word_1_102' title='bbox 198 2675 271 2760; x_wconf 81' lang='lat' dir='ltr'>Est</span> <span class='ocrx_word' id='word_1_103' title='bbox 284 2676 398 2758; x_wconf 92' lang='lat' dir='ltr'>etiam</span> <span class='ocrx_word' id='word_1_104' title='bbox 415 2671 485 2755; x_wconf 90' lang='lat' dir='ltr'>flos</span> <span class='ocrx_word' id='word_1_105' title='bbox 503 2673 544 2754; x_wconf 91' lang='lat' dir='ltr'>in</span> <span class='ocrx_word' id='word_1_106' title='bbox 564 2673 688 2784; x_wconf 88' lang='lat' dir='ltr'>pratis,</span> <span class='ocrx_word' id='word_1_107' title='bbox 721 2672 785 2754; x_wconf 91' lang='lat' dir='ltr'>cui</span> <span class='ocrx_word' id='word_1_108' title='bbox 803 2700 945 2755; x_wconf 87' lang='lat' dir='ltr'>nomen</span> <span class='ocrx_word' id='word_1_109' title='bbox 961 2673 1100 2757; x_wconf 87' lang='lat' dir='ltr'>amello</span> 
     </span>
    </p>

    <p class='ocr_par' dir='ltr' id='par_1_13' title="bbox 175 2790 1143 2927">
     <span class='ocr_line' id='line_1_18' title="bbox 175 2813 1143 2927; baseline -0.002 -28"><span class='ocrx_word' id='word_1_110' title='bbox 175 2867 180 2872; x_wconf 94' lang='lat'><em>-</em></span> <span class='ocrx_word' id='word_1_111' title='bbox 200 2817 342 2904; x_wconf 88' lang='lat' dir='ltr'>Fecere</span> <span class='ocrx_word' id='word_1_112' title='bbox 351 2813 552 2927; x_wconf 88' lang='lat' dir='ltr'>agricolae,</span> <span class='ocrx_word' id='word_1_113' title='bbox 584 2813 703 2895; x_wconf 89' lang='lat' dir='ltr'>facilis</span> <span class='ocrx_word' id='word_1_114' title='bbox 720 2816 981 2925; x_wconf 82' lang='lat' dir='ltr'>quaerentibus</span> <span class='ocrx_word' id='word_1_115' title='bbox 998 2816 1115 2897; x_wconf 90' lang='lat' dir='ltr'>herba</span> <span class='ocrx_word' id='word_1_116' title='bbox 1129 2855 1143 2915; x_wconf 87' lang='lat'>;</span> 
     </span>
    </p>

    <p class='ocr_par' dir='ltr' id='par_1_14' title="bbox 141 2954 1204 3068">
     <span class='ocr_line' id='line_1_19' title="bbox 141 2954 1204 3068; baseline -0.007 -27"><span class='ocrx_word' id='word_1_117' title='bbox 141 3036 144 3041; x_wconf 75' lang='grc'><strong><em>,</em></strong></span> <span class='ocrx_word' id='word_1_118' title='bbox 201 2958 387 3068; x_wconf 90' lang='lat' dir='ltr'>Namque</span> <span class='ocrx_word' id='word_1_119' title='bbox 406 2966 483 3038; x_wconf 86' lang='lat' dir='ltr'>uno</span> <span class='ocrx_word' id='word_1_120' title='bbox 501 2954 694 3063; x_wconf 89' lang='lat' dir='ltr'>ingentem</span> <span class='ocrx_word' id='word_1_121' title='bbox 715 2954 813 3035; x_wconf 90' lang='lat' dir='ltr'>tollit</span> <span class='ocrx_word' id='word_1_122' title='bbox 830 2956 879 3038; x_wconf 93' lang='lat' dir='ltr'>de</span> <span class='ocrx_word' id='word_1_123' title='bbox 897 2956 1030 3065; x_wconf 87' lang='lat' dir='ltr'>cespite</span> <span class='ocrx_word' id='word_1_124' title='bbox 1048 2955 1204 3064; x_wconf 89' lang='lat' dir='ltr'>sylvam,</span> 
     </span>
    </p>

    <p class='ocr_par' dir='ltr' id='par_1_15' title="bbox 152 3089 1221 3207">
     <span class='ocr_line' id='line_1_20' title="bbox 152 3089 1221 3207; baseline -0.002 -29"><span class='ocrx_word' id='word_1_125' title='bbox 152 3110 155 3114; x_wconf 78' lang='grc'><strong><em>’</em></strong></span> <span class='ocrx_word' id='word_1_126' title='bbox 192 3089 354 3178; x_wconf 76' lang='lat' dir='ltr'>&#39;Aureus</span> <span class='ocrx_word' id='word_1_127' title='bbox 373 3095 481 3207; x_wconf 84' lang='lat' dir='ltr'>ipse:</span> <span class='ocrx_word' id='word_1_128' title='bbox 509 3094 573 3176; x_wconf 87' lang='lat' dir='ltr'>sed</span> <span class='ocrx_word' id='word_1_129' title='bbox 590 3096 630 3176; x_wconf 91' lang='lat' dir='ltr'>in</span> <span class='ocrx_word' id='word_1_130' title='bbox 647 3093 760 3193; x_wconf 87' lang='lat' dir='ltr'>foliis,</span> <span class='ocrx_word' id='word_1_131' title='bbox 791 3122 887 3206; x_wconf 88' lang='lat' dir='ltr'>quae</span> <span class='ocrx_word' id='word_1_132' title='bbox 902 3095 1063 3206; x_wconf 89' lang='lat' dir='ltr'>plurima</span> <span class='ocrx_word' id='word_1_133' title='bbox 1075 3096 1221 3176; x_wconf 91' lang='lat' dir='ltr'>circum</span> 
     </span>
    </p>

    <p class='ocr_par' dir='ltr' id='par_1_16' title="bbox 204 3235 1280 3353">
     <span class='ocr_line' id='line_1_21' title="bbox 204 3235 1280 3353; baseline 0.002 -35"><span class='ocrx_word' id='word_1_134' title='bbox 204 3235 444 3335; x_wconf 85' lang='lat' dir='ltr'>Funduntur,</span> <span class='ocrx_word' id='word_1_135' title='bbox 472 3235 591 3319; x_wconf 88' lang='lat' dir='ltr'>violae</span> <span class='ocrx_word' id='word_1_136' title='bbox 608 3235 777 3319; x_wconf 87' lang='lat' dir='ltr'>sublucet</span> <span class='ocrx_word' id='word_1_137' title='bbox 793 3264 957 3350; x_wconf 90' lang='lat' dir='ltr'>purpura</span> <span class='ocrx_word' id='word_1_138' title='bbox 970 3236 1109 3346; x_wconf 88' lang='lat' dir='ltr'>nigrae.</span> <span class='ocrx_word' id='word_1_139' title='bbox 1192 3263 1248 3353; x_wconf 89' lang='lat'>27</span> <span class='ocrx_word' id='word_1_140' title='bbox 1255 3265 1280 3350; x_wconf 82' lang='lat'><em>5</em></span> 
     </span>
    </p>

    <p class='ocr_par' dir='ltr' id='par_1_17' title="bbox 204 3376 1074 3489">
     <span class='ocr_line' id='line_1_22' title="bbox 204 3376 1074 3489; baseline 0.002 -30"><span class='ocrx_word' id='word_1_141' title='bbox 204 3376 323 3487; x_wconf 80' lang='lat' dir='ltr'>Saepe</span> <span class='ocrx_word' id='word_1_142' title='bbox 339 3376 456 3459; x_wconf 88' lang='lat' dir='ltr'>deum</span> <span class='ocrx_word' id='word_1_143' title='bbox 476 3379 581 3460; x_wconf 85' lang='lat' dir='ltr'>nexis</span> <span class='ocrx_word' id='word_1_144' title='bbox 599 3397 747 3460; x_wconf 86' lang='lat' dir='ltr'>ornatae</span> <span class='ocrx_word' id='word_1_145' title='bbox 766 3379 962 3489; x_wconf 88' lang='lat' dir='ltr'>torquibus</span> <span class='ocrx_word' id='word_1_146' title='bbox 980 3407 1074 3461; x_wconf 89' lang='lat' dir='ltr'>arae.</span> 
     </span>
    </p>

    <p class='ocr_par' dir='ltr' id='par_1_18' title="bbox 205 3513 1097 3624">
     <span class='ocr_line' id='line_1_23' title="bbox 205 3513 1097 3624; baseline 0.003 -29"><span class='ocrx_word' id='word_1_147' title='bbox 205 3513 329 3624; x_wconf 79' lang='lat' dir='ltr'>Asper</span> <span class='ocrx_word' id='word_1_148' title='bbox 343 3515 385 3595; x_wconf 90' lang='lat' dir='ltr'>in</span> <span class='ocrx_word' id='word_1_149' title='bbox 401 3540 467 3594; x_wconf 90' lang='lat' dir='ltr'>ore</span> <span class='ocrx_word' id='word_1_150' title='bbox 485 3513 602 3624; x_wconf 90' lang='lat' dir='ltr'>sapor.</span> <span class='ocrx_word' id='word_1_151' title='bbox 630 3517 742 3597; x_wconf 85' lang='lat' dir='ltr'>tonfis</span> <span class='ocrx_word' id='word_1_152' title='bbox 758 3518 799 3597; x_wconf 90' lang='lat' dir='ltr'>in</span> <span class='ocrx_word' id='word_1_153' title='bbox 815 3517 972 3598; x_wconf 88' lang='lat' dir='ltr'>vallibus</span> <span class='ocrx_word' id='word_1_154' title='bbox 986 3518 1097 3598; x_wconf 92' lang='lat' dir='ltr'>illum</span> 
     </span>
    </p>

    <p class='ocr_par' dir='ltr' id='par_1_19' title="bbox 205 3653 1212 3769">
     <span class='ocr_line' id='line_1_24' title="bbox 205 3653 1212 3769; baseline 0.001 -32"><span class='ocrx_word' id='word_1_155' title='bbox 205 3653 389 3753; x_wconf 64' lang='lat' dir='ltr'>Mores,</span> <span class='ocrx_word' id='word_1_156' title='bbox 418 3669 457 3735; x_wconf 91' lang='lat' dir='ltr'>et</span> <span class='ocrx_word' id='word_1_157' title='bbox 477 3680 589 3735; x_wconf 89' lang='lat' dir='ltr'>curva</span> <span class='ocrx_word' id='word_1_158' title='bbox 603 3654 734 3766; x_wconf 89' lang='lat' dir='ltr'>legunt</span> <span class='ocrx_word' id='word_1_159' title='bbox 750 3685 867 3769; x_wconf 86' lang='lat' dir='ltr'>prope</span> <span class='ocrx_word' id='word_1_160' title='bbox 884 3657 1041 3737; x_wconf 90' lang='lat' dir='ltr'>flumina</span> <span class='ocrx_word' id='word_1_161' title='bbox 1058 3656 1212 3740; x_wconf 88' lang='lat' dir='ltr'>Mellae.</span> 
     </span>
    </p>

    <p class='ocr_par' dir='ltr' id='par_1_20' title="bbox 207 3796 1028 3910">
     <span class='ocr_line' id='line_1_25' title="bbox 207 3796 1028 3910; baseline -0.001 -30"><span class='ocrx_word' id='word_1_162' title='bbox 207 3796 338 3907; x_wconf 84' lang='lat' dir='ltr'>Hujus</span> <span class='ocrx_word' id='word_1_163' title='bbox 354 3797 508 3881; x_wconf 89' lang='lat' dir='ltr'>odorato</span> <span class='ocrx_word' id='word_1_164' title='bbox 527 3800 668 3882; x_wconf 88' lang='lat' dir='ltr'>radices</span> <span class='ocrx_word' id='word_1_165' title='bbox 685 3800 848 3910; x_wconf 88' lang='lat' dir='ltr'>incoque</span> <span class='ocrx_word' id='word_1_166' title='bbox 864 3796 1028 3898; x_wconf 89' lang='lat' dir='ltr'>Baccho,</span> 
     </span>
    </p>

    <p class='ocr_par' dir='ltr' id='par_1_21' title="bbox 207 3937 1285 4051">
     <span class='ocr_line' id='line_1_26' title="bbox 207 3937 1285 4051; baseline 0.005 -31"><span class='ocrx_word' id='word_1_167' title='bbox 207 3937 427 4049; x_wconf 86' lang='lat' dir='ltr'>Pabulaque</span> <span class='ocrx_word' id='word_1_168' title='bbox 443 3938 484 4020; x_wconf 91' lang='lat' dir='ltr'>in</span> <span class='ocrx_word' id='word_1_169' title='bbox 500 3939 643 4023; x_wconf 90' lang='lat' dir='ltr'>foribus</span> <span class='ocrx_word' id='word_1_170' title='bbox 658 3940 777 4051; x_wconf 92' lang='lat' dir='ltr'>plenis</span> <span class='ocrx_word' id='word_1_171' title='bbox 794 3969 940 4050; x_wconf 86' lang='lat' dir='ltr'>appone</span> <span class='ocrx_word' id='word_1_172' title='bbox 961 3941 1136 4024; x_wconf 88' lang='lat' dir='ltr'>canistris.</span> <span class='ocrx_word' id='word_1_173' title='bbox 1198 3939 1285 4027; x_wconf 87' lang='lat'>280</span> 
     </span>
    </p>

    <p class='ocr_par' dir='ltr' id='par_1_22' title="bbox 211 4081 1151 4200">
     <span class='ocr_line' id='line_1_27' title="bbox 211 4081 1151 4200; baseline 0.009 -40"><span class='ocrx_word' id='word_1_174' title='bbox 211 4114 214 4121; x_wconf 68' lang='grc'><strong>’</strong></span> <span class='ocrx_word' id='word_1_175' title='bbox 272 4081 388 4162; x_wconf 85' lang='lat' dir='ltr'>Sedfi</span> <span class='ocrx_word' id='word_1_176' title='bbox 408 4110 526 4193; x_wconf 89' lang='lat' dir='ltr'>quem</span> <span class='ocrx_word' id='word_1_177' title='bbox 542 4086 664 4196; x_wconf 90' lang='lat' dir='ltr'>proles</span> <span class='ocrx_word' id='word_1_178' title='bbox 679 4084 799 4165; x_wconf 89' lang='lat' dir='ltr'>subito</span> <span class='ocrx_word' id='word_1_179' title='bbox 818 4086 995 4200; x_wconf 73' lang='lat' dir='ltr'>defecerit</span> <span class='ocrx_word' id='word_1_180' title='bbox 1015 4088 1151 4184; x_wconf 89' lang='lat' dir='ltr'>omnis,</span> 
     </span>
    </p>

    <p class='ocr_par' dir='ltr' id='par_1_23' title="bbox 209 4218 1253 4345">
     <span class='ocr_line' id='line_1_28' title="bbox 209 4218 1253 4345; baseline -0.004 -39"><span class='ocrx_word' id='word_1_181' title='bbox 209 4218 298 4306; x_wconf 89' lang='lat' dir='ltr'>Nec</span> <span class='ocrx_word' id='word_1_182' title='bbox 315 4247 432 4336; x_wconf 85' lang='lat' dir='ltr'>genus</span> <span class='ocrx_word' id='word_1_183' title='bbox 450 4223 551 4308; x_wconf 88' lang='lat' dir='ltr'>unde</span> <span class='ocrx_word' id='word_1_184' title='bbox 567 4253 684 4310; x_wconf 89' lang='lat' dir='ltr'>novae</span> <span class='ocrx_word' id='word_1_185' title='bbox 702 4223 822 4340; x_wconf 84' lang='lat' dir='ltr'>stirpis</span> <span class='ocrx_word' id='word_1_186' title='bbox 840 4247 1043 4345; x_wconf 84' lang='lat' dir='ltr'>revocetur,</span> <span class='ocrx_word' id='word_1_187' title='bbox 1076 4224 1253 4320; x_wconf 84' lang='lat' dir='ltr'>habebit;</span> 
     </span>
    </p>

    <p class='ocr_par' dir='ltr' id='par_1_24' title="bbox 1111 4366 1290 4486">
     <span class='ocr_line' id='line_1_29' title="bbox 1111 4366 1290 4486; baseline -0.011 -38"><span class='ocrx_word' id='word_1_188' title='bbox 1111 4366 1290 4486; x_wconf 70' lang='lat' dir='ltr'>ssempus</span> 
     </span>
    </p>
   </div>
   <div class='ocr_carea' id='block_1_6' title="bbox 0 0 1496 5190">
    <p class='ocr_par' dir='ltr' id='par_1_25' title="bbox 0 0 1496 5190">
     <span class='ocr_line' id='line_1_30' title="bbox 0 0 1496 5190; baseline 0 0"><span class='ocrx_word' id='word_1_189' title='bbox 0 0 1496 5190; x_wconf 95' lang='lat' dir='ltr'> </span> 
     </span>
    </p>
   </div>
  </div>
 </body>
</html>
