2940 5190
153 336 156 340 ⁴
197 302 276 433 4ο
439 306 709 418 V1nn1n11
744 324 1028 427 Masonsa

200 506 414 635 Murum
429 520 533 602 tenui
551 502 684 606 saterit
699 525 916 638 suspendere
935 512 1058 623 sulco:
1106 516 1113 527 ⁸
1244 519 1252 530 ’

199 645 302 766 Illic>
316 653 482 741 officiant
501 658 604 772 laetis
620 692 669 747 ne
680 650 852 775 frugibus
870 664 1030 767 herbae3

198 782 295 887 Hic,
310 790 474 915 sterilem
490 803 646 914 exiguus
663 831 712 888 ne
725 803 864 886 deserat
881 804 1022 890 humor
1038 832 1201 892 arenam.
1215 835 1273 924 70
1386 857 1387 860 κ

199 922 370 1014 Alternis
383 935 487 1022 idem
502 947 623 1025 tonsas
641 943 773 1026 cessare
791 929 954 1045 novales,

193 1063 256 1157 ‚Et
272 1067 425 1180 segnem
445 1081 582 1192 patiere
598 1084 670 1166 situ
680 1083 868 1166 durescere
885 1068 1078 1196 eampum.

198 1209 284 1293 Aut
300 1212 355 1296 ibi
365 1216 459 1303 flava
468 1222 561 1305 seres
579 1242 723 1306 mutato
741 1224 855 1305 fidere
871 1222 981 1328 farra,
1109 1227 1111 1231 ’

201 1350 318 1433 Unde
342 1360 443 1466 prius
460 1359 601 1442 laetum
619 1362 750 1472 siliqua
764 1362 951 1471 quassante
963 1362 1153 1473 legumen,

200 1493 285 1576 Aut
300 1477 429 1579 tenues
441 1499 563 1582 foetus
574 1501 702 1598 viciae,
715 1501 895 1611 tristisque
908 1500 1029 1612 lupini
1180 1499 1183 1503 ’
1213 1529 1240 1616 7
1247 1527 1270 1613 ς

202 1634 396 1720 Sustuleris
411 1640 559 1752 fragiles
577 1642 751 1739 calamos,
770 1642 987 1752 sylvamque
1005 1630 1213 1725 sonantem.

196 1778 291 1859 Urit
307 1782 411 1863 enim
428 1783 494 1864 lini
513 1812 694 1894 campum
711 1783 823 1889 seges,
839 1784 913 1863 urit
929 1810 1091 1866 avenae:

201 1921 328 2000 Urunt
342 1921 509 2005 Lethaeo
521 1922 667 2034 perfusa
685 1947 865 2031 papavera
883 1920 1027 2004 somno,

198 2058 275 2141 Sed
292 2079 419 2144 tamen
435 2063 582 2145 alternis
594 2062 712 2145 facilis
729 2058 857 2142 labor:
887 2059 989 2142 arida
1002 2076 1152 2143 tantum
1236 2067 1254 2113 Ψ

197 2198 265 2287 Ne·
279 2202 434 2285 saturare
447 2205 541 2287 fimo
554 2202 687 2315 pingui
703 2199 843 2311 pudeat
858 2200 964 2300 sola3
996 2226 1090 2282 neve
1162 2201 1170 2216 '
1214 2199 1270 2284 80

196 2339 365 2425 Effoetos
385 2347 551 2428 cinerem
570 2344 814 2426 immundum
827 2343 968 2452 jadare
988 2370 1054 2453 per
1071 2367 1191 2450 agros.

198 2482 259 2561 Sic
279 2510 431 2591 quoque
446 2471 597 2564 mutatis
617 2480 851 2588 requiescunt
868 2480 1028 2561 foetibus
1043 2507 1141 2562 arva.
1290 2480 1293 2487 ’

165 2720 168 2724 ¹
198 2621 284 2700 Nec
298 2603 401 2700 nulla
414 2622 551 2701 interea
568 2620 622 2700 est
638 2621 796 2698 inaratae
811 2618 926 2724 gratia
937 2635 1066 2702 terrae.

197 2740 313 2872 Saepe
333 2761 448 2842 etiarn
468 2761 604 2842 steriles
621 2760 816 2843 incendere
834 2759 975 2869 profuit
994 2786 1113 2868 agros,

196 2903 325 3012 Atque
341 2903 464 2986 levem
485 2902 658 3014 stipulam
675 2901 939 3012 crepitantibus
961 2927 1066 2981 urere
1082 2896 1269 2985 dammis:

164 3040 167 3049 ’
196 3043 280 3122 Sive
293 3043 379 3124 inde
397 3043 561 3124 occultas
573 3045 667 3122 vires
687 3060 724 3122 et
741 3041 876 3150 pabula
893 3059 1009 3121 terrae
1028 3069 1029 3072 ‘
1212 3042 1266 3124 86

175 3279 178 3286 Ι
193 3181 355 3289 Pinguia
368 3181 608 3291 concipiunt:
640 3181 713 3261 five
730 3180 802 3260 illis
813 3207 927 3260 omne
944 3207 1010 3289 per
1024 3179 1153 3288 ignem

194 3322 429 3429 Excoquitur
443 3309 593 3417 uitium,
606 3339 717 3428 atque
728 3320 867 3402 exudat
884 3319 1024 3400 inutilis
1038 3317 1204 3401 humor:

194 3464 268 3544 Seu
279 3460 403 3572 plures
417 3448 520 3542 ¹calor
531 3460 594 3541 ille
606 3461 694 3558 vias,
711 3476 750 3540 et
762 3487 871 3546 caeca
884 3459 1024 3541 relaxat

194 3603 436 3713 spiramenta,
457 3628 569 3683 novas
582 3601 704 3683 veniat
724 3596 946 3710 quse-succus
959 3601 1000 3680 in
1012 3596 1168 3681 herbas:
1209 3629 1266 3711 90

194 3748 269 3828 Seu
287 3745 393 3827 durat
407 3744 539 3853 magis,
554 3761 592 3822 et
605 3769 715 3822 venas
731 3740 897 3848 astringit
916 3738 1083 3822 hiantesr

192 3886 258 3968 Ne
272 3904 398 3964 tenues
410 3884 568 3993 pluviae,
588 3881 752 3993 rapidive
770 3879 935 3990 potentia
949 3878 1043 3958 Solis

189 4024 338 4120 Acrior,
357 4040 420 4102 aut
438 4024 574 4103 Boreae
590 4018 814 4130 penetrabile
832 4018 949 4125 frigus
961 4016 1103 4098 adurat.
1194 4014 1196 4019 ⁴
1283 3993 1286 3999 ¹

191 4161 365 4249 Multum
376 4162 481 4262 adeo,
495 4159 614 4243 rastris
630 4159 755 4272 glebas
769 4159 836 4273 qui
855 4156 993 4268 frangit
1006 4158 1154 4257 inertes,

684 4276 717 4283 η
995 4296 1263 4410 vimineasque
