2940 5190
399 323 761 443 Guoncter.
796 341 1040 449 nutv.
1132 377 1228 486 103
1371 445 1376 461 .

55 653 62 664 ³
151 550 315 638 Martius
333 550 396 633 ille
413 548 507 635 aeris
522 550 624 633 rauci
644 578 758 633 canor
775 551 956 665 increpat,
984 571 1024 638 et
1041 584 1117 641 vox
1217 615 1222 623 -

105 797 108 802 Ι
150 697 317 812 Auditur
333 694 468 778 frastos
485 695 625 776 sonitus
641 694 786 775 imitata
800 695 990 785 tubarum.

147 838 259 919 Tum
277 823 441 948 trepidae
456 836 551 916 inter
568 835 605 916 se
625 842 775 932 co'e'unt,
794 836 998 946 pennisque
1016 832 1225 947 corustantss

41 962 44 969 ’
148 976 371 1089 Spiculaque
384 993 572 1061 exacuunt
590 976 729 1073 rostris,
760 991 962 1087 aptantque
979 980 1145 1086 lacertos,
1218 968 1223 1043 Ϊ

146 1118 199 1199 Et
216 1117 317 1199 circa
334 1144 464 1226 regem
477 1133 589 1224 atque
607 1114 684 1225 ipsa
703 1114 752 1195 ad
769 1118 951 1223 praetoria
964 1118 1096 1202 densae
1165 1153 1193 1239 7
1199 1150 1224 1239 ς

146 1257 368 1353 Miscentur,
399 1254 617 1365 magnisque
631 1271 766 1335 vocant
782 1254 1011 1339 clamoribus
1025 1257 1188 1351 hostem.
1219 1318 1222 1323 -

147 1399 265 1508 Ergo,
298 1398 364 1479 ubi
382 1424 446 1480 ver
463 1399 592 1477 nactae
606 1394 741 1476 sudum
759 1397 986 1506 camposque
999 1417 1179 1510 patentes,
1231 1451 1232 1455 κ

147 1540 366 1647 Erumpunt
383 1537 510 1648 portis,
542 1536 798 1633 concurritur,
830 1535 977 1622 aethere
997 1539 1038 1620 in
1054 1540 1132 1622 alto
1218 1538 1223 1610 ἶ

146 1677 211 1758 Fit
225 1678 375 1773 sonitus,
398 1692 583 1785 magnum
598 1674 737 1754 mixtae
755 1674 1009 1782 glomerantur
1025 1679 1065 1760 in
1079 1681 1227 1780 orbem,

146 1818 441 1929 Praecipitesque
453 1817 604 1899 cadunt.
635 1843 712 1896 non
726 1815 871 1898 denfior
882 1827 965 1901 a'e're
976 1821 1133 1928 grando,
1168 1823 1224 1906 80

145 1947 234 2041 Nec
255 1961 303 2041 de
321 1958 493 2049 conculsa
516 1976 663 2038 tantum
682 1956 779 2066 pluit
798 1957 882 2039 ilice
901 1936 1059 2067 glandis.
1137 2013 1146 2021 -
1217 2027 1223 2041 ,

47 2150 54 2161 -
146 2099 220 2208 Ipsi
237 2128 304 2209 per
321 2100 464 2179 medias
482 2098 590 2195 acies,
623 2097 825 2200 infignibus
842 2097 921 2194 alis,

147 2241 321 2350 Ingentes
338 2241 484 2319 animos
502 2236 658 2346 angusto
675 2239 714 2316 in
735 2215 883 2347 pectore
900 2240 1054 2326 versant.

147 2382 278 2491 Usque
292 2383 385 2462 adeo
397 2379 528 2462 obnixi
543 2406 619 2457 non
634 2378 777 2477 cedere,
805 2377 900 2459 dum
914 2383 1032 2489 gravis
1045 2401 1109 2464 aut
1121 2379 1206 2487 hoe,
1369 2448 1374 2458 ,

147 2524 229 2602 Aut
247 2519 330 2618 hos,
360 2520 460 2602 versa
478 2518 569 2628 fuga
588 2518 706 2599 vistor
719 2520 806 2600 dare
820 2539 922 2630 terga
936 2522 1091 2633 subegit.
1166 2526 1188 2606 8
1196 2554 1222 2640 5

147 2662 204 2741 Hi
220 2679 345 2742 motus
358 2662 586 2757 anirnorum,
617 2677 728 2770 atque
747 2657 840 2742 haec
858 2665 1062 2746 certamina
1079 2682 1180 2748 tanta
1214 2663 1220 2685 ⁸

144 2801 313 2883 Pulveris
328 2802 455 2909 exigui
466 2803 572 2910 jactu
588 2800 793 2910 compressa
811 2803 1015 2910 quiescunt.

145 2941 293 3021 Verum
311 2940 377 3021 ubi
394 2940 565 3021 ductores
583 2940 663 3020 acie
680 2943 904 3022 revocaveris
917 2945 1060 3040 ambo;
1156 2948 1158 2953 ’
1216 2945 1220 2953 ’

144 3081 319 3162 Deterior
332 3081 397 3190 qui
417 3078 526 3176 visus,
554 3106 658 3176 curn,
689 3107 737 3160 ne
752 3080 929 3189 prodigus
943 3081 1049 3179 obfit,
1215 3150 1218 3158 .

144 3223 255 3304 Dede
272 3223 382 3303 neci:
414 3220 549 3301 melior
563 3248 680 3303 vacua
696 3221 770 3301 fine
785 3241 914 3331 regnet
928 3224 968 3303 in
987 3223 1084 3306 aula.
1164 3228 1221 3335 90'
1381 3259 1384 3290 1

145 3364 253 3445 Alter
270 3363 339 3444 erit
357 3360 514 3442 maculis
532 3389 623 3440 auro
642 3361 893 3469 squalentibus
910 3365 1075 3447 ardenas
1215 3368 1220 3376 '

143 3506 272 3616 (Nam
288 3502 366 3582 duo
386 3501 474 3582 sunt
491 3499 643 3611 genera)
667 3500 732 3582 hic
743 3502 891 3601 melior,
918 3503 1072 3613 'infignis
1089 3521 1127 3587 et
1144 3520 1222 3604 ore,

143 3644 196 3725 Et
212 3641 333 3725 rutilis
352 3642 471 3724 clarus
487 3642 676 3753 squamis:
708 3642 771 3722 ille
788 3641 961 3724 horridus
981 3645 1072 3726 alter
1155 3728 1160 3735 ,

145 3784 310 3883 Desidia,
341 3782 532 3895 latamque
548 3780 697 3864 trahens
716 3782 895 3891 inglorius
912 3783 1052 3868 alvum.
1209 3787 1217 3863 ’.

144 3926 201 4007 Ut
221 3925 330 4008 binae
350 3953 487 4036 regum
501 3927 626 4022 facies,
656 3923 708 4005 ita
724 3951 880 4035 corpora
896 3924 1039 4035 plebis3

143 4065 328 4177 Namque
341 4064 434 4150 aliae
451 4085 577 4181 turpes
593 4064 760 4165 horrent,
791 4094 862 4148 ceu
875 4066 1026 4178 pulvere
1043 4067 1092 4150 ab
1110 4067 1189 4151 alto
1213 4070 1221 4148 .’

142 4204 250 4294 Cum
266 4206 380 4325 vertit,
411 4225 603 4295 etterram
615 4206 714 4290 ficco
732 4206 832 4320 spuit
848 4234 913 4291 ore
933 4209 1050 4292 viator
1164 4274 1173 4283 .
1212 4246 1223 4285 ·.

287 4379 289 4383 ·
593 4344 695 4464 {14
1062 4345 1229 4432 Ar'nlus:
1385 4350 1396 4367 ⁴
