2940 5190
385 368 1048 469 Gronor‘cr.ch.'Il.·‘
1173 382 1241 506 ’65

172 569 225 654 Et
241 573 301 653 cui
314 591 421 682 putre
433 575 555 657 solum
572 605 735 686 namque
752 574 826 657 hoc
840 574 1175 658 imitamuraranclo

174 713 330 820 Optima
345 712 552 799 frumentis.
572 745 650 797 non
669 715 747 795 ullo
763 743 810 794 ex
828 741 987 822 aequore
1005 741 1130 796 cernes
1147 741 1201 799 20
1207 742 1232 824 5

174 851 286 932 Plura
306 853 468 937 domum
485 858 596 936 tardis
613 855 788 937 decedere
798 853 957 964 plaustra
970 854 1157 962 juvencis:

174 993 256 1070 Aut
273 991 372 1073 unde
386 995 498 1073 iratus
508 994 650 1104 sylvam
670 994 817 1075 devexit
834 1011 964 1089 arator,
1033 1076 1037 1083 A

170 1129 223 1208 Et
238 1158 395 1211 nemora
411 1134 539 1213 evertit
555 1132 696 1213 multos
718 1132 848 1239 ignava
870 1157 935 1239 per
951 1159 1081 1230 annos,
1108 1111 1111 1116 ’
1161 1121 1163 1125 ’

171 1267 429 1378 Antiquasque
446 1270 579 1351 domos
595 1271 723 1350 avium
740 1296 831 1350 cum
850 1269 1020 1377 stirpibus
1037 1269 1134 1351 imis'

170 1407 302 1488 Eruit:
333 1410 418 1490 illae
431 1411 549 1491 altum
562 1412 659 1492 nidis
675 1409 813 1521 petiere
826 1408 986 1507 relittls3
1153 1431 1231 1494 210

171 1546 227 1624 At
245 1545 345 1647 rudis
361 1550 492 1632 enituit
502 1550 664 1661 impulso
680 1577 830 1632 vomere
848 1577 1014 1661 campan

170 1684 278 1767 Nam
285 1689 411 1797 jejuna
426 1691 581 1800 quidem
593 1690 718 1772 clivofi
736 1690 857 1798 glarea
868 1691 959 1770 ruris

170 1822 249 1907 Vix
267 1825 430 1912 humiles
448 1832 578 1941 apibus
595 1833 703 1913 castas
721 1858 918 1939 roremque
936 1825 1141 1914 ministrat:

169 1964 221 2042 Et
238 1967 375 2077 tophus
387 1956 524 2069 scaber,
537 1989 575 2051 et
591 1973 705 2078 nigris
720 1970 824 2050 exesa
842 1968 1027 2077 chelydris

168 2101 305 2185 Creta:
336 2125 471 2217 negant
490 2108 580 2188 alios
594 2135 711 2217 aeque
728 2107 952 2214 serpentibus
969 2133 1076 2215 agros
1151 2129 1229 2215 215

168 2239 337 2323 Dulcem
355 2243 450 2326 serre
466 2246 611 2346 cibum,
630 2264 668 2324 et
687 2271 815 2324 curvas
833 2244 1005 2351 praebere
1022 2244 1190 2326 latebras.

168 2383 278 2490 Qae
297 2399 449 2463 tenuem
468 2381 616 2468 exhalat
632 2380 810 2463 nebulam
823 2380 1022 2490 fumosque
1037 2381 1217 2477 volucres,

80 2518 84 2526 ’
168 2520 220 2598 Et
238 2521 333 2601 bibit
353 2521 568 2620 humorem,
580 2540 630 2622 et,
653 2549 745 2603 cum
759 2520 852 2616 vult,
864 2521 957 2601 exse
969 2519 1044 2630 ipsa
1056 2520 1233 2610 remittit:

165 2648 356 2769 Quaeque,
367 2661 432 2741 suo
446 2661 555 2742 viridi
566 2661 711 2772 semper
728 2660 765 2742 se
782 2659 948 2769 gramme
962 2659 1082 2762 vestit,
1131 2750 1132 2755 a

167 2799 253 2879 Nec
271 2799 390 2879 scabie
408 2818 445 2879 et
455 2799 542 2881 salsa
549 2800 660 2881 laedit
671 2797 841 2906 rubigine
853 2799 1019 2896 serrum5
1144 2820 1237 2882 220·

169 2937 239 3018 Illa
256 2937 323 3017 tibi
340 2935 441 3019 laetis
459 2939 598 3020 intexet
621 2939 757 3020 vitibus
777 2935 924 3018 ulmos:

169 3075 239 3156 llla
259 3073 362 3157 ferax
380 3075 464 3157 oleo
482 3077 558 3162 est:
594 3077 699 3158 illam
716 3076 904 3188 experiere
921 3075 1079 3169 colendo

167 3214 394 3296 Etfacilem
412 3217 548 3326 pecori,
562 3235 600 3297 et
619 3217 819 3326 patientem
837 3215 996 3296 vomeris
1013 3212 1122 3295 unci·
1194 3301 1199 3307 ,

168 3353 307 3434 Talem
327 3354 428 3433 dives
441 3372 523 3465 arat*
538 3356 682 3464 Capua,
700 3373 737 3435 et
752 3353 874 3436 vicina
890 3352 1034 3434 Vesevo
1186 3422 1193 3447 ,.

16 3513 19 3519 ·
169 3491 247 3570 Ora
258 3493 365 3606 jugp,
382 3510 420 3573 et
430 3495 554 3574 vacuis
565 3493 722 3587 Clanius·
737 3521 815 3590 non
822 3520 961 3602 aequus
969 3488 1129 3592 Acerris.
1139 3510 1201 3569 ἠ
1208 3502 1238 3594 5·

168 3631 299 3729 Nunc,
311 3661 388 3740 quo
404 3659 595 3740 quamque
606 3631 722 3713 modo
733 3632 843 3741 poffis
855 3627 1087 3738 cognoscere,
1097 3625 1235 3725 dicam·

169 3771 269 3850 Rara
286 3771 342 3865 fit,
360 3798 408 3850 an
425 3772 532 3881 supra
545 3800 693 3853 morem
707 3770 869 3865 sidensa,
883 3768 1067 3875 requiras:

171 3907 318 4016 (Altera
338 3906 534 4010 frumentis¹
554 3911 736 4021 quoniam
754 3908 864 4005 favet,
884 3906 995 4011 altera
1009 3899 1179 3984 Baccho:
1231 3982 1235 3989 ,
1366 3994 1373 4015 ἡ

169 4046 305 4142 Densa,
329 4047 451 4155 magis
464 4051 607 4134 Cereri:
639 4032 816 4131 rariffirna
831 4071 1014 4154 quaeque,
1032 4035 1179 4151 Lyaeo)

168 4188 272 4269 Ante
292 4185 423 4270 locum
441 4190 564 4299 capies
583 4191 714 4289 oculis,
730 4189 877 4298 alteque
886 4182 1034 4294 jubebis
1114 4215 1120 4225 ·
1154 4205 1179 4263 2
1186 4204 1241 4288 30
1356 4256 1359 4263 .

723 4329 757 4413 F
1202 4314 1251 4395 in
