2940 5190
328 358 648 453 Bueomcn.
683 354 811 450 Ecr..
850 358 979 455 VIII.
1121 393 1189 494 25·

111 565 216 644 Con.
243 559 408 670 Populus
426 558 583 640 Alcidae
607 558 818 668 gratissima,
833 560 921 660 vitio
940 558 1104 647 laccho:

112 703 314 785 Formosae
330 720 476 811 myrtus
486 700 638 798 Veneri,
658 699 720 781 sua
737 699 860 782 laurea
874 702 1044 787 Phoebo.

114 843 259 953 Phyllis
276 863 378 927 amat
394 840 564 951 corylos:
596 840 675 921 illas
695 840 789 923 dum
805 841 950 952 Phyllis
966 847 1119 946 amabit,

111 983 199 1063 Nec
217 1000 362 1089 myrtus
381 981 504 1062 vincet
518 971 676 1086 corylos,
698 1006 768 1061 nec
783 979 906 1061 laurea
919 982 1076 1072 Phoebi.

112 1122 423 1204 ‘tilmannus
431 1121 471 1200 in
485 1117 592 1229 sylvis
600 1115 864 1228 pulcherrima,
876 1122 986 1230 pinus
1000 1125 1039 1204 in
1053 1123 1186 1230 hortis,'

109 1258 279 1373 Populus
293 1262 332 1341 in
347 1259 481 1357 fluviis,
497 1258 597 1339 abies
614 1259 654 1336 in
667 1259 858 1339 montibus
874 1259 979 1341 altis:
1126 1271 1184 1349 66

110 1399 264 1509 Saepius
284 1418 322 1480 at
338 1401 366 1479 fi
380 1429 455 1498 me,
471 1398 615 1507 Lycida
632 1395 809 1496 formose,
827 1399 983 1497 revisam
1059 1460 1062 1467 -
1081 1510 1085 1517 ἦ

109 1540 295 1620 Fraxinus
308 1540 348 1619 in
361 1539 468 1649 sylvis
486 1540 592 1620 cedat
607 1538 688 1636 tibi,
709 1541 816 1648 pinus
834 1541 873 1621 in
885 1539 1015 1625 hortis.
1055 1534 1089 1587 Ψ
1110 1568 1114 1575 ’

113 1677 207 1764 Mn.
246 1678 354 1758 Haec
385 1677 556 1775 memini,
584 1695 622 1757 et
652 1677 796 1759 viuum
814 1677 947 1760 frustra
964 1683 1186 1766 contendere

202 1870 206 1879 ·
297 1814 473 1924 Thyrsin.
1017 1923 1025 1933 ι

114 1953 174 2034 Ex
199 1954 264 2035 illo
278 1953 469 2063 Corydon,
490 1954 668 2062 Corydon
688 1952 740 2033 est
758 1972 927 2066 tempore
940 1959 1060 2043 nohis.
1123 1991 1182 2074 70

210 2155 215 2163 ’
333 2215 1027 2349 acroenum!

224 2381 1088 2470 PHARMACEUTRIA.

356 2629 548 2727 Dnmon,
580 2633 936 2718 Aranasmonus.

240 2773 383 2853 storum
400 2769 555 2850 Musam
571 2772 755 2852 Damonis
773 2789 810 2851 et
829 2773 1081 2883 Alphefiboei‚

235 2910 445 2988 Immemor
464 2907 667 2988 herbarum
686 2933 781 3013 quos
793 2906 847 2985 cst
865 2908 998 2987 mirata
1009 2910 1181 3015 juvenca,

113 3047 303 3129 Certantes
317 3075 480 3158 quorum
493 3045 718 3156 stupesadbae
734 3043 898 3125 carmine
917 3045 1055 3154 lynces,

114 3185 166 3264 Et
179 3204 321 3267 mutata
336 3186 419 3267 suos
436 3182 822 3294 requieruntflumina
840 3184 963 3267 cursus
977 3211 1003 3268 e·

115 3324 303 3406 Damonis
321 3325 476 3407 Musam
493 3325 662 3404 dicemus
681 3341 719 3402 ct
736 3321 989 3432 Alphesiboei.
1155 3354 1181 3438 5

115 3466 182 3547 Tu
201 3467 311 3567 mihi,
330 3467 393 3548 seu
410 3467 537 3575 magni
555 3465 788 3574 superasjam
801 3444 885 3546 saxa
899 3466 1078 3547 Timavi:
1177 3528 1192 3557 .
1214 3442 1223 3458 ’

117 3606 200 3687 Sive
217 3635 324 3689 oram
340 3605 480 3715 Illyrici
498 3606 588 3713 legis
607 3605 800 3712 aequoris:
828 3632 876 3684 en
893 3605 961 3684 erit
979 3631 1147 3714 unquam

113 3745 182 3829 Ille
201 3747 292 3846 dies,
305 3745 402 3828 mihi
420 3774 511 3827 cum
524 3746 632 3826 liceat
645 3764 709 3825 tua
722 3746 842 3826 dicere
856 3743 978 3827 fasta!

112 3887 175 3969 En
195 3889 277 3984 erit,
292 3904 334 3966 ut
351 3887 458 3968 liceat
470 3904 594 3967 totum
612 3882 710 3964 mihi
722 3884 816 3965 ferre
834 3910 899 3993 per
916 3881 1049 3964 orbem

115 4024 201 4107 Sola
215 4025 424 4137 Sophocleo
440 4044 504 4109 tua
516 4024 682 4108 carmina
698 4021 810 4131 digna
828 4020 1039 4104 cothurno!
1128 4049 1180 4105 ιο

114 4166 154 4247 A
171 4183 208 4248 te
225 4165 475 4281 principium3
504 4166 573 4252 tibi
587 4163 751 4284 definere
780 4161 910 4273 accipe
922 4161 1026 4270 juffis

1005 4296 1182 4379 Carmina
