2940 5190
370 356 732 489 Aruernos.
778 353 1022 467 Lrntl...
1134 356 1233 493 ³⁸¹..

159 554 278 659 Nunc
296 582 427 639 omnes
446 571 582 638 terrent
596 582 720 653 aurae,
735 556 845 671 sonus
862 557 999 638 excitat
1014 557 1139 657 omnis
1226 608 1230 617 ·

159 694 395 805 Suspensum,
414 715 452 779 et
457 697 593 808 pariter
607 697 813 806 comitique
824 699 1006 805 onerique·
1018 697 1231 779 timentem·

157 835 322 944 Jamque
338 836 638 948 propinquabam
654 837 780 951 portis,
803 863 1036 945 omnemque
1051 838 1203 936 videbar
1223 927 1229 936 ,

154 954 314 1057 Evasisse
326 977 428 1058 viam
443 1018 456 1074 ;
489 976 612 1057 subito
628 1003 721 1057 cum
736 975 865 1057 creber
882 976 929 1057 ad
942 1003 1047 1057 aures
1136 1008 1190 1091 73
1205 997 1231 1079 r}

154 1113 266 1223 ¹Visus
278 1114 397 1197 adesse
407 1115 551 1224 pedum
558 1114 717 1197 sonitus:
735 1115 954 1224 genitorque
974 1142 1040 1226 per
1050 1116 1232 1221 umbram.

156 1228 1231 1369 Prospieir:ns,Nate,e'uclamat,fugenate3propinquant:⁸

155 1392 342 1472 Ardentes
361 1393 512 1503 clypeos
538 1410 649 1501 atque
674 1421 758 1473 aera
785 1392 961 1474 micantia
977 1419 1104 1502 cerno.
1136 1419 1226 1505 734

156 1529 237 1609 Hic
254 1529 352 1637 mihi
368 1531 610 1643 nescioquod
625 1531 769 1642 trepido
783 1529 882 1638 male
900 1559 1044 1637 numen
1059 1530 1236 1647 amicum:

156 1672 362 1754 Confusam
381 1674 515 1785 eripuit
539 1690 720 1757 mentem.
753 1701 918 1781 namque
931 1671 1145 1753 aviacursu
1225 1708 1229 1780 j
1303 1670 1308 1679 ”

155 1813 264 1894 Dum
279 1815 425 1923 sequor,
444 1833 482 1896 et
500 1814 918 1933 nota-euredo‘regiqne
935 1814 1107 1921 uiarum,
1227 1874 1232 1885 -

154 1955 265 2041 Heu!
290 1959 423 2040 misero
440 1954 579 2067 conjux
588 1932 716 2049 fatone
732 1942 857 2065 erepta
874 1942 1026 2059 Crsbsaj
1130 1976 1133 1981 '
1191 2000 1206 2063 .'

156 2095 335 2194 Substitit,
358 2098 537 2177 erravime
553 2097 626 2197 via,
646 2095 709 2177 seu
726 2093 812 2175 laffa
833 2092 977 2190 resedit,

155 2224 366 2333 Incertum,
381 2263 451 2334 nec
466 2235 550 2344 post
563 2234 680 2314 oculis
697 2234 750 2313 est
765 2231 906 2313 reddita
920 2232 1076 2336 nostris:
1134 2263 1235 2348 740..

154 2377 242 2458 Nec
260 2377 362 2486 prius
380 2374 550 2457 amissam
569 2373 725 2483 respexi,
745 2371 991 2481 animumque
1012 2372 1153 2477 reflexi,
1224 2432 1230 2465 ‚

152 2519 284 2616 Quam
296 2516 489 2598 tumulum
501 2516 671 2623 antiquae
681 2514 823 2593 Cereris
837 2513 1038 2624 sedemque
1046 2516 1227 2619 sacratam
1233 2610 1236 2615 ,

154 2660 352 2771 Venimus.
374 2656 453 2756 hic,
472 2657 631 2739 demum
645 2654 810 2738 collectis
827 2655 1016 2753 omnibus,
1033 2686 1109 2738 una
1224 2760 1229 2769 .

152 2796 287 2879 Defuit
297 2838 310 2896 3
341 2815 378 2878 et
396 2797 567 2895 comites,
587 2813 808 2902 natumque,
828 2794 1029 2903 virumque
1044 2796 1202 2907 fefellit.¹
1214 2866 1228 2907 ,¹

152 2937 283 3060 Quem
311 2964 388 3017 non
415 2934 576 3053 incusavi
595 2961 723 3014 amens
749 2931 1027 3043 hominumque
1046 2934 1232 3047 deorum-7
1370 2996 1376 3007 ,

337 3080 440 3184 que?
1134 3105 1223 3190 745

152 3219 234 3297 Aut
251 3217 342 3326 quid
360 3216 400 3295 in
413 3215 534 3297 eversa
549 3215 627 3295 vidi
647 3213 831 3295 crudelius
843 3214 957 3296 urbe?

151 3358 368 3468 Ascanium,
399 3356 664 3466 Anchisenque
703 3375 862 3466 patrem,
882 3353 1122 3465 Teucrosque
1149 3354 1224 3469 Pe·

332 3514 435 3579 nates

151 3636 394 3720 Commendo
419 3639 536 3739 sociis,
556 3656 593 3719 et
610 3667 723 3720 curva
740 3637 834 3718 valle
853 3636 1028 3717 recondo.
1225 3718 1229 3725 ,

150 3774 234 3885 Ipse
254 3778 388 3863 urbem
406 3796 546 3889 repeto,
565 3796 602 3858 et
619 3778 749 3885 cingor
767 3775 997 3884 fulgentibus
1013 3772 1138 3854 armis.
1222 3828 1228 3844 .

152 3917 230 3996 Stat
247 3915 349 3998 casus
369 3943 542 3999 renovare
557 3944 702 4016 omnes,
724 3941 955 4022 omnemque
970 3913 1102 3993 reuerti
1134 3942 1159 4027 7
1167 3939 1228 4027 50.

152 4055 226 4138 Per
247 4055 419 4164 Trojam,
442 4074 479 4137 et
497 4058 617 4139 rursus
631 4074 743 4169 caput
761 4057 943 4165 objesiare
964 4053 1123 4165 periclis.

151 4193 342 4307 Principio
360 4221 489 4284 muros
508 4194 890 4311 obscuraque-limina
901 4212 1041 4313 portae,

642 4334 863 4449 Ns.
1142 4306 1234 4440 Q}
