2940 5190
147 346 244 456 '168
346 351 397 444 Ρ.
429 338 700 442 Virorum
734 345 1015 446 Mrnorrrs

124 651 129 661 Ι
143 551 333 638 Monstrat
351 553 432 652 iter,
453 578 603 662 quaque
620 550 780 633 ostendit
792 550 829 632 se
845 550 987 651 dextra,
1000 542 1214 661 sequamurl

141 691 343 776 Mutemus
367 692 530 802 clypeos,
549 694 801 800 Dtbaumque
813 689 968 798 infignia
983 688 1092 772 nobis
1123 680 1212 800 389

145 831 347 942 Aptemus.
378 830 498 927 dolus,
517 859 565 911 an
584 814 711 926 virtus,
725 828 808 938 quis
825 829 865 909 in
882 825 989 909 hoste
1004 827 1198 939 requirat?

142 967 269 1052 'Arma
288 968 431 1051 dabunt
448 969 526 1080 ipfi.
556 970 606 1050 fic
623 968 735 1065 fatum
751 966 885 1048 deinde
902 984 1118 1049 comantem
1199 992 1207 1005 ·’

142 1102 341 1218 'Androgei
358 1107 517 1224 galeam,
538 1106 734 1218 clypeique
758 1106 900 1215 infigne
916 1105 1096 1187 decorum

147 1248 344 1333 Induitur':
371 1246 551 1356 laterique
567 1246 756 1356 Argivum
771 1246 1031 1329 accommodat
1043 1246 1204 1328 ensem.-

146 1386 239 1471 Hoc
258 1382 441 1498 Ripheusj
455 1383 530 1468 hoc
541 1386 616 1498 ipse
633 1384 1006 1497 Dymas,›omnisque
1024 1382 1200 1501 juventur

145 1522 266 1609 Laeta
277 1523 389 1605 fucit:
408 1520 532 1634 spoliis
544 1523 581 1639 se
599 1524 756 1634 quisque
774 1522 982 1606 recentibus
992 1542 1122 1605 armat.
1128 1553 1182 1634 39
1190 1550 1215 1634 ς

141 1636 338 1752 Υιάἱαιιίὲ
349 1660 517 1743 immixti
531 1664 684 1764 Danais,
702 1661 806 1744 baud
828 1666 984 1744 numine
1005 1663 1143 1761 nostro,

143 1802 350 1912 Multaque
366 1830 432 1913 per
448 1830 598 1885 caecam
616 1802 793 1912 congreffi
806 1802 943 1914 praelia
959 1807 1113 1885 nouem

147 1940 408 2040 Conserimus3
440 1942 579 2024 multos
600 1946 778 2025 Danaum
795 1943 1027 2024 demittimus
1043 1947 1157 2031 Orco.

146 2080 368 2199 Diffiigiunt
384 2082 447 2162 alii
462 2081 509 2162 ad
527 2110 648 2182 naves,
669 2101 708 2163 et
732 2082 840 2163 litora
857 2086 965 2162 cursu

144 2222 242 2305 Fida
254 2240 409 2334 petunt:
439 2250 521 2333 pars
534 2223 724 2334 ingentem
742 2222 945 2305 formidine
963 2223 1061 2333 turpi
1123 2251 1214 2326 400

144 2364 338 2445 Scandunt
352 2362 474 2444 rursus
489 2390 644 2474 equum,
663 2381 700 2444 et
713 2380 800 2445 nota
814 2362 1026 2443 conduntur
1040 2363 1078 2441 in
1096 2361 1192 2441 alvo.

143 2503 250 2598 Heu,
268 2501 362 2582 nihil
379 2502 502 2583 invitis
520 2502 576 2584 fas
595 2530 812 2613 quenquam
828 2500 943 2583 fidere
955 2503 1072 2582 divis!

141 2644 247 2726 Ecce
263 2641 474 2725 trahebam
488 2644 595 2751 pasfis
607 2644 793 2725 Priamera
810 2644 916 2751 virgo
1208 2623 1213 2629 ’

145 2785 358 2866 Crinibus'a
376 2782 520 2895 templo
534 2784 728 2867 Caffandra
742 2783 919 2896 aditisque
930 2786 1135 2880 Minervae,
1235 2897 1238 2902 Ι

146 2927 214 3011 Ad
230 2927 382 3008 coelum
398 2927 550 3009 tendens
571 2926 734 3009 ardentia
752 2926 895 3009 lumina
911 2926 1062 3024 frustm
1096 2964 1098 2968 ⁴
1126 2954 1182 3030 40
1190 2955 1214 3035 5

146 3064 337 3148 Lumina:
356 3088 446 3145 nam
463 3084 605 3146 teneras
623 3066 796 3146 arcebant
812 3067 959 3147 vinnula
971 3065 1125 3175 palmas.

144 3200 244 3285 Non
254 3201 338 3282 tulit
354 3200 453 3281 hanc
471 3200 631 3312 speciem
652 3200 783 3283 furiata
801 3220 927 3285 mente
937 3202 1171 3301 choroebus,

146 3340 201 3421 Et
212 3338 283 3420 sese
296 3338 469 3419 medium
483 3341 607 3449 injecit
624 3341 825 3420 moriturus
843 3342 882 3421 in
901 3368 1049 3451 agmen.

144 3476 420 3587 Consequimur
436 3477 574 3576 nuntii,
592 3492 630 3557 et
642 3475 761 3558 densis
774 3478 997 3560 incurrimus
1015 3481 1138 3563 armis.

148 3592 228 3711 Hic
245 3617 414 3732 primum
434 3644 483 3699 ex
500 3615 577 3698 alto
593 3616 741 3699 delubri
757 3617 925 3701 culmine
943 3619 1026 3701 telis
1130 3648 1181 3726 41
1192 3651 1220 3705 o
1243 3656 1246 3660 ·

148 3756 378 3847 Nostrorum
389 3741 598 3857 obruimur,
614 3756 806 3868 oriturque
824 3758 1028 3841 miserrima
1039 3759 1180 3858 caeder,

146 3896 368 3985 timorum·
379 3894 488 3996 facie,
507 3902 546 3979 et
559 3897 761 4005 Grajarnm
779 3924 900 3982 errore
907 3897 1114 4007 jubarum.-

148 4032 259 4119 'l'um
280 4034 418 4137 Danai,
434 4036 579 4143 gemitu
596 4055 708 4145 atque
728 4055 875 4149 ereptae
892 4039 1043 4150 virginis
1060 4041 1126 4139 ira,
1185 4079 1193 4089 ·

147 4156 327 4296 Undique
346 4169 494 4266 tolle&
507 4174 711 4276 invadunt5
746 4180 945 4265 acerrimus
958 4181 1070 4292 Ajax,
1129 4204 1222 4287 41'4

302 4353 307 4360 ·
1179 4317 1234 4401 Et
