2940 5190
328 340 638 498 Iiucorrcs.
672 340 799 436 Ecs.
837 343 965 439 VIII.
1131 385 1194 478 27

125 550 239 660 (Dux
251 571 321 653 ego
335 542 453 624 vester
461 540 582 649 eram)
597 542 672 624 vidi
687 572 777 624 cum
792 563 910 626 matre
922 545 1130 657 legentem:

127 689 236 770 Alter
254 687 301 768 ab
319 687 521 768 undecimo
538 702 622 766 tum
640 714 702 765 me
714 687 796 793 jam
813 709 1011 797 acceperat,
1020 719 1162 778 annus:

124 833 212 938 Jarn
229 829 376 938 fragiles
397 830 565 940 poteram
583 855 605 906 a
620 844 716 907 terra
734 829 948 938 contingere
966 860 1101 920 ramos.
1133 867 1192 944 40

123 971 180 1049 Ut
190 969 288 1067 -vidi,
308 986 351 1049 ut
368 969 472 1078 perii,
495 983 538 1046 ut
550 993 614 1045 me
631 965 752 1046 malus
769 967 919 1048 abstulit
932 998 1031 1053 error
1047 977 1057 1056 l

120 1107 251 1220 Incipe
263 1106 473 1188 Maenalios
485 1133 651 1203 mecum,
671 1131 757 1185 mea
773 1105 853 1203 tibi,
875 1107 1010 1192 versus.

121 1245 241 1328 Nunc
260 1245 347 1345 scio,
362 1244 454 1355 quid
473 1243 517 1324 srt
531 1270 649 1325 amor.
680 1241 781 1322 duris
806 1244 847 1323 in
866 1243 1012 1326 cotibus
1028 1245 1144 1330 illum

121 1383 293 1480 Ismarus,
311 1403 376 1463 aut
391 1380 593 1490 Rhodope,
614 1398 678 1461 aut
696 1384 853 1463 extremi
873 1384 1130 1490 Gemmantes,

24 1600 31 1607 ,
119 1523 209 1604 Nec
221 1522 364 1631 generIs
377 1521 491 1602 nostri
502 1549 664 1631 puerum
683 1549 752 1601 nec
769 1520 963 1632 sanguinis,
984 1526 1112 1611 edunt
1131 1557 1189 1642 45

120 1662 251 1774 Incipe
264 1661 473 1745 Maenalios
493 1674 660 1760 mecum,
675 1691 761 1744 mea
778 1663 880 1767 tibia,
903 1666 1035 1748 versus.

122 1805 256 1886 Saevus
269 1833 375 1886 amor
390 1804 519 1887 docuit
533 1823 708 1886 natorum
725 1804 899 1914 sanguine
912 1826 1073 1889 matrem

118 1943 406 2026 commaculare
427 1972 571 2026 manus.
603 1942 761 2024 crudelis
780 1962 824 2023 tu
838 1974 1001 2056 quoque,
1020 1967 1159 2033 mater:

118 2085 291 2166 Crudelis
303 2105 421 2166 mater
441 2086 572 2193 magis,
592 2112 639 2162 an
655 2111 748 2193 puer
764 2084 956 2194 improbus
969 2087 1059 2171 illc?

118 2224 318 2333 Improbus
335 2222 399 2303 ille
413 2251 504 2331 puer
516 2263 529 2319 ;
561 2222 720 2301 crudelis
733 2242 774 2302 tu
789 2252 953 2333 quoque,
975 2246 1105 2312 mater.
1130 2258 1186 2341 50
1321 2214 1324 2229 ¹

117 2362 248 2473 Incipe
259 2359 469 2442 Maenalios
488 2387 655 2457 mecum,
677 2387 762 2440 mea
783 2359 885 2461 tibia,
906 2364 1039 2449 versus.

114 2501 160 2585 N
161 2529 236 2584 unc
255 2520 292 2584 et
308 2527 396 2582 oves
409 2501 507 2581 ultro
526 2499 644 2608 fugiat
661 2499 796 2610 lupus3
816 2529 925 2581 aurea
940 2503 1053 2587 durae

116 2643 224 2725 Mala
236 2642 355 2724 ferant
372 2669 556 2751 quercus3
588 2640 742 2722 narciffo
760 2640 887 2723 floreat
903 2643 1034 2744 alnus;

98 2783 275 2892 ¹Pinguia
291 2782 489 2862 corticibus
507 2780 638 2861 sudent
654 2780 789 2861 creora
806 2784 983 2889 myricae.

115 2924 270 3005 Certent
280 2939 317 3002 et
330 2920 457 3031 cycnis
471 2920 617 3002 ululae:
648 2917 692 2998 srt
705 2920 859 3027 Tityrus
874 2919 1076 3030 Orpheusr
1128 2954 1152 3037 5
1158 2951 1184 3035 ς

115 3061 292 3174 Orpheus
311 3061 349 3143 in
373 3061 503 3171 sylvis:
535 3061 631 3140 inter
650 3056 844 3169 delphinas
861 3042 996 3148 Arion.

115 3202 243 3312 Incipe
260 3200 468 3282 Maenalios
486 3227 650 3297 mecum,
669 3227 754 3279 mea
771 3199 872 3295 tibia,
892 3201 1027 3292 versus.

115 3342 257 3422 Omnia
276 3341 334 3421 vel
349 3340 520 3422 medium
538 3338 628 3419 fiant
640 3366 765 3420 mare:
796 3339 907 3420 vivite
919 3339 1052 3448 sylvae.

115 3482 294 3593 Praeceps
310 3481 397 3563 a‘e'rii
411 3480 558 3592 specula
575 3481 622 3561 de
642 3472 779 3560 montis
790 3480 829 3561 in
849 3481 964 3562 undas
1102 3460 1107 3471 ⁸

115 3622 283 3705 Deferar.
297 3640 511 3703 extremum
524 3618 599 3700 hoc
611 3647 748 3700 munus
756 3620 945 3702 morientis
958 3618 1107 3702 habeto.
1124 3623 1180 3705 60

113 3760 251 3843 Define
268 3761 489 3858 Maenalios,
502 3760 584 3869 jam
597 3759 731 3858 define,
747 3760 847 3856 tibia,
867 3759 1001 3841 versus.

115 3899 223 3980 Haec
241 3902 415 3984 Damon:
428 3929 506 4004 vos,
524 3927 619 4009 quae
631 3897 854 4008 responderit
871 3896 1157 4008 Alphefiboeus,

113 4039 256 4142 Dicite,
268 4041 441 4123 Pierides.
473 4068 550 4121 non
561 4037 688 4119 omnia
702 4038 893 4148 poliumus
908 4066 1051 4120 omnes.

112 4180 224 4268 Aue.
246 4177 350 4265 Effer
360 4207 514 4295 aquam,
527 4198 565 4265 et
578 4178 686 4265 molli
703 4179 810 4293 cinge
828 4181 920 4266 haec
932 4177 1057 4258 altaria
1069 4175 1179 4256 vitta:

922 4314 1182 4425 Verbenasque
