2940 5190
255 302 379 451 '140
472 322 523 418 P.
556 323 817 438 V1ne1n11
852 323 1129 421 Maioma
1292 436 1299 447 ,

275 526 358 611 Hic
367 541 500 638 ,portus
518 522 581 608 alii
593 521 795 605 effodiunt:
827 522 891 604 hic
909 524 982 607 alta
997 525 1148 609 theatris
1175 552 1186 567 ·
1232 562 1339 647 *431

274 665 538 774 Fundamenta
556 663 683 744 locant
695 661 770 760 alii,
788 660 1055 774 -immanesque
1072 669 1268 754 columnas

267 804 451 921 'Rupibus
467 803 657 901 excidunt,
684 801 806 884 scenis.
815 803 949 883 decora
965 802 1038 885 alta
1049 803 1196 892 futuris.

273 944 408 1051 Qalis
425 973 511 1056 apes
527 943 661 1025 aestate
679 970 775 1024 nova
792 971 858 1052 per
876 941 989 1029 florea
1005 972 1118 1039 rura,
1235 1006 1239 1012 .

274 1085 435 1167 Exercet
451 1083 518 1166 sub
535 1082 609 1164 sole
629 1081 745 1177 labor,
768 1109 858 1162 cum
875 1082 993 1190 gentis
1011 1082 1155 1167 adultos
1251 1103 1307 1201 43
1315 1119 1340 1204 5

274 1226 455 1329 Educunt
467 1224 609 1322 foetus;
637 1241 701 1304 aut
717 1250 808 1302 cum
821 1216 999 1332 liquentia
1015 1224 1128 1306 mella
1276 1285 1277 1289 a

274 1366 431 1478 Stipant,
460 1382 498 1443 et
514 1361 616 1442 dulci
632 1362 845 1443 distendunt
861 1366 1005 1445 nectare
1022 1364 1156 1465 cellas,
1265 1422 1270 1428 -

274 1507 356 1587 Aut
372 1531 484 1584 onera
501 1501 686 1609 accipiunt
700 1503 927 1601 venientum,
959 1519 1024 1583 aut
1034 1505 1184 1613 agmine
1196 1499 1297 1590 fastu
1349 1526 1353 1533 “

271 1646 459 1754 Ignavum
474 1642 581 1724 sucos
594 1669 706 1751 pecus
720 1670 743 1724 a
756 1642 989 1754 praesepibus
1008 1663 1144 1729 arcent.
1272 1641 1276 1645 ’
1348 1642 1352 1648 ’

273 1773 1114 1896 Fervetopus,redolentquethymnsragrantia
1122 1787 1342 1899 mella.44n

265 1926 312 2009 ,0
329 1922 518 2021 fortunati,
550 1951 712 2033 quorum
722 1927 804 2032 jam
817 1925 966 2005 moenia
982 1923 1153 2036 surgunt!

272 2063 418 2143 Aeneas
432 2060 495 2161 ait,
527 2078 566 2141 et
581 2059 724 2170 fastigia
740 2060 886 2170 suspicit
905 2063 1015 2145 urbis.

264 2191 389 2283 'Infert
405 2199 445 2282 se
457 2198 578 2312 septus
595 2198 742 2295 nebula,
767 2199 936 2280 mirabile
950 2200 1066 2299 dim,
1218 2184 1221 2193 ⁴

269 2342 343 2425 Per
360 2341 516 2438 medios,
541 2340 743 2449 miscetque
760 2339 865 2437 viris;
898 2368 1020 2452 neque
1034 2341 1193 2424 cernitur
1211 2341 1291 2429 ulli.
1432 2412 1436 2419 ,

268 2482 398 2563 Lucus
414 2481 454 2560 in
472 2479 564 2560 urbe
580 2479 653 2560 suit
669 2478 805 2575 media,
827 2478 1040 2560 laetiffimus
1054 2480 1222 2583 umbrae,
1245 2511 1300 2590 44
1306 2511 1330 2594 ς

269 2621 361 2716 Quo
376 2619 546 2727 primum
557 2616 683 2724 jactati
700 2617 808 2696 undis
820 2636 858 2696 et
869 2618 1015 2698 turbine
1026 2620 1143 2699 Poeni

267 2756 444 2842 Effodete
462 2756 546 2837 ioco
559 2755 719 2865 signum,
752 2755 855 2866 quod
868 2757 967 2865 regia
980 2758 1082 2864 Juno
1126 2827 1129 2833 ,

267 2899 507 2998 Monstramt,
539 2915 651 3009 caput
674 2898 765 2978 acris
781 2899 894 3006 equi:
926 2897 1168 2982 ficmmsore
1181 2899 1282 2981 bello

265 3040 479 3146 Egregiam,
495 3054 545 3115 et
558 3035 708 3114 facilem
721 3036 821 3114 vistu
833 3061 899 3143 per
915 3034 1055 3117 saecula
1068 3055 1230 3142 gentem.

265 3177 348 3258 Hic
372 3173 561 3282 templum
581 3172 726 3279 Junoni·
741 3173 870 3278 ingens
886 3173 1036 3253 Sidonia
1048 3174 1152 3253 Dido
1247 3202 1274 3281 4
1280 3202 1332 3285 50

264 3311 471 3408 Condebat,
497 3310 603 3391 donis
617 3309 840 3417 opulentum
852 3329 889 3392 et
903 3311 1064 3392 numine·
1072 3311 1201 3392 divae:

263 3455 387 3537 Aerea
398 3450 458 3535 cui
473 3447 645 3558 gradibus
660 3447 855 3554 surgebant
865 3447 1007 3547 limina,
1029 3477 1219 3560 nexaeque
1332 3442 1334 3453 ’

263 3593 363 3674 Aere
376 3589 496 3671 trabes
506 3629 518 3688 3
540 3587 684 3670 foribus
703 3586 815 3668 cardo
832 3588 1008 3670 stridebat
1027 3588 1167 3677 ahenis.

262 3730 353 3811 Hoc
367 3729 536 3841 primum
548 3727 693 3808 inluco
710 3756 807 3810 nova
825 3757 881 3810 res
898 3729 1020 3811 oblata
1033 3732 1210 3815 timorem
1342 3733 1345 3736 ’

260 3870 413 3968 Leniit;
444 3868 508 3950 hic
523 3871 694 3980 primum
706 3871 852 3951 Aeneas
864 3871 1005 3980 sperare
1021 3873 1177 3956 salutem
1239 3907 1266 3986 4
1273 3905 1295 3990 5
1302 3907 1327 3992 ς

260 3999 397 4099 Ausus,
411 4019 462 4097 ‚et
474 4003 619 4091 afflictis
633 4004 767 4086 melius
777 4008 967 4102 confidere
986 4013 1107 4098 rebus.

259 4136 453 4258 Namque,
489 4139 556 4261 sub
571 4141 713 4249 ingenti
730 4143 857 4233 lustrat
871 4147 1127 4272 dum'sngula
1141 4153 1286 4265 templo

77 4380 296 4667 q
1138 4293 1326 4405 Reginam

219 4724 285 4880 ι’.
