2940 5190
330 360 857 459 BueootcA.Ecu.
890 355 950 451 X.
1111 375 1175 479 3-3

349 633 792 796 octona
873 695 931 794 a

450 902 832 985 GALLUS.

223 1164 428 1250 Xtremum
443 1165 561 1266 hunc,
599 1162 796 1264 Arethusa,
828 1161 926 1245 mihi
946 1161 1109 1245 concede
1124 1155 1180 1243 la·'

336 1309 483 1391 borem.

109 1453 236 1536 Pauca
253 1477 341 1530 meo
362 1447 491 1545 Gallo,
521 1442 583 1527 sed
603 1469 697 1556 quae
715 1441 814 1556 legat
834 1447 910 1559 ipsa
924 1448 1093 1557 Lycoris,

110 1590 292 1670 Carmina
308 1588 393 1670 sunt
406 1586 575 1670 dicenda.
606 1604 716 1695 neget
726 1587 810 1696 quis
823 1585 989 1669 carmina
1006 1587 1120 1670 Gallo
1135 1588 1151 1672 l

111 1729 276 1832 sicubi,
316 1756 407 1810 cum
427 1729 563 1811 flodus
584 1727 705 1811 subter
725 1727 848 1811 labere
869 1727 1032 1832 Sicanos,

110 1872 225 1953 Doris
247 1898 376 1952 amara
392 1869 498 1952 suam
517 1898 594 1951 non
613 1869 860 1957 intermisceat
879 1870 1035 1991 undam.
1157 1874 1185 1989 ς’

112 2012 255 2122 Incipe.
289 2011 462 2094 sollicitos
476 2011 580 2092 Galli
593 2010 763 2090 dicamus
788 2039 944 2108 amores,

116 2153 227 2233 Dum
240 2171 365 2231 tenera
378 2151 571 2232 attondent
588 2150 700 2230 limae
717 2150 874 2257 virgulta
892 2149 1069 2264 capellae.

111 2289 207 2370 Non
225 2288 395 2368 canimus
412 2285 541 2384 surdis,
561 2284 781 2393 respondent
796 2288 924 2367 omnia
936 2285 1070 2398 sylvae.

115 2428 226 2524 Quae
246 2450 413 2522 nemora,
444 2440 509 2502 aut
519 2422 586 2532 qui
606 2450 671 2503 vos
684 2421 792 2503 saltus
808 2420 983 2523 habuere,
1014 2421 1161 2538 puellae

114 2565 294 2660 Naiades,
328 2562 484 2671 indigno
501 2588 592 2642 cum
605 2560 738 2642 Gallus
757 2583 884 2644 amore
901 2561 1064 2675 periret?
1132 2597 1187 2653 10

115 2706 222 2788 Nam
240 2731 364 2814 neque
382 2703 543 2785 Parnaffi
559 2703 664 2783 vobis
668 2706 773 2812 juga,
800 2732 890 2786 narn
906 2734 1029 2817 neque
1047 2708 1158 2795 Pindi

117 2845 210 2925 Ulla
223 2871 373 2924 moram
390 2843 524 2940 fecere,
559 2869 680 2951 neque
699 2841 823 2923 Aonia
842 2846 1054 2955 Aganippe.

115 2984 234 3066 Illum
255 2984 369 3063 etiam
383 2981 491 3087 lauri,
523 2981 633 3063 illum
647 2982 761 3063 etiam
781 2980 914 3065 flevere
932 2986 1109 3094 myricae.

119 3125 260 3208 Pinifer
278 3123 390 3205 illum
409 3125 524 3208 etiam
543 3122 619 3204 sola
638 3122 705 3203 sub
719 3124 1007 3233 rupejacentem

119 3266 334 3365 Maenalus,
363 3282 401 3346 et
413 3266 527 3374 gelidi
542 3264 722 3346 fleverunt
740 3266 824 3344 saxa
841 3268 992 3376 Lycaei.
1121 3293 1189 3387 ,ις
1242 3234 1247 3252 .

122 3408 225 3489 Stant
242 3424 280 3489 et
293 3432 380 3488 oves
392 3408 552 3504 circum,
581 3405 695 3502 nostri
708 3431 777 3486 nec
790 3407 955 3516 poenitet
968 3404 1068 3492 illas:
1103 3414 1107 3421 '

121 3547 264 3629 Necte
285 3546 472 3657 poeniteat
483 3547 637 3657 pecoris,
670 3545 794 3629 divine
814 3551 935 3657 poe‘ta.

123 3688 176 3768 Et
193 3686 379 3770 formosus
397 3714 484 3769 oves
497 3687 546 3768 ad
561 3686 720 3767 flumina
732 3687 833 3797 pavit
850 3687 1009 3772 Adonis.

123 3825 241 3908 Venit
253 3847 291 3908 et
301 3826 433 3940 upilio,
464 3826 560 3908 tardi
574 3855 708 3909 venere
722 3827 905 3910 bubulci:

125 3964 272 4046 Uvidus
289 3965 457 4074 hyberna
469 3966 572 4048 venit
588 3966 636 4047 de
655 3965 791 4076 glande
804 3963 1009 4049 Menalcas.
1136 3993 1193 4050 20

37 4156 40 4161 ι
125 4102 285 4202 Omnes,
299 4105 399 4188 unde
415 4131 522 4189 amor
540 4104 623 4206 iste,
638 4122 783 4216 rogant,
797 4105 891 4192 tibi?
922 4104 1023 4186 venit
1040 4103 1196 4216 Apollo.

579 4461 582 4466 ¹
679 4363 723 4449 D
1072 4361 1201 4471 Galle,
