2940 5190
286 351 352 446 68
409 467 427 507 Ι
489 306 1145 442 P.'.V1n'crnrrMs·non1s

287 549 429 631 Omnia
446 548 515 632 sint
533 549 682 658 paribus
699 545 864 640 numeris
876 543 1040 626 dimensa
1058 543 1224 626 viamus:

289 688 383 768 Non
399 687 572 767 animum
597 687 713 767 modo
734 685 789 766 uti
808 683 928 794 pascat
952 680 1163 793 prospecius
1180 681 1329 760 inanem
1339 718 1352 776 3

292 822 364 903 Sed
380 823 470 932 quia
482 851 558 902 non
575 823 678 903 aliter
689 825 784 904 vires
802 820 904 900 dabit
915 820 1090 900 omnibus
1102 844 1236 929 aequae
1265 819 1351 902 286

290 961 422 1057 Terra,
440 987 562 1069 neque
581 962 619 1040 in
632 987 795 1041 vacuum
812 976 985 1068 poterunt
995 956 1033 1039 se
1043 958 1238 1039 extendere
1247 954 1354 1038 rami.

290 1101 456 1181 Forfitan
473 1119 511 1179 et
528 1099 718 1180 scrobibus
730 1125 826 1208 quae
844 1097 915 1176 smt
927 1096 1070 1205 fastigia
1087 1123 1253 1208 quaeras.

292 1241 428 1319 Ausim
441 1238 499 1318 vel
517 1240 620 1319 tenui
638 1240 755 1320 vitem
773 1235 1009 1316 committere
1021 1234 1135 1319 sulco.

294 1376 421 1456 Altius
431 1403 474 1453 ac
485 1376 629 1483 penitus
642 1393 757 1455 terrae
770 1373 941 1482 defigitur
954 1375 1062 1455 arbos
1072 1414 1085 1472 3
1271 1396 1356 1480 290

149 1588 152 1594 .
293 1510 474 1594 Aesculus
490 1511 687 1620 imprimis,
705 1540 800 1621 quae
820 1531 1004 1620 quantum
1021 1513 1156 1592 vertice
1173 1509 1332 1590 adauras
1350 1569 1352 1573 ψ

296 1648 511 1749 Aetherem,
529 1645 676 1741 tantum
689 1652 809 1730 radice
828 1650 868 1727 in
886 1651 1041 1729 Tartara
1055 1651 1185 1731 tendit.

295 1793 495 1900 Ergonon
512 1787 667 1897 hyemes
682 1789 800 1886 illam,
815 1816 892 1868 non
905 1786 1032 1890 fiabra,
1053 1806 1175 1897 neque
1193 1786 1331 1867 imbres
1348 1844 1350 1848 -

297 1925 549 2007 Convellunt:
581 1925 740 2008 immota
756 1942 895 2020 manet,
914 1923 1126 2036 multosque
1142 1953 1209 2035 per
1228 1953 1343 2006 annos

296 2064 427 2181 Multa
440 2065 565 2146 virum
581 2061 731 2146 volvens
749 2061 916 2144 durando
928 2060 1072 2144 saecula
1086 2062 1212 2146 vincit.
1278 2092 1332 2175 ²9
1339 2093 1362 2174 5

299 2205 409 2284 Turn
428 2202 539 2284 sortes
561 2200 633 2283 late
650 2230 773 2284 ramos
785 2219 822 2282 et
837 2199 990 2282 brachia
1001 2202 1155 2284 tendens

301 2345 393 2425 Huc
415 2341 519 2440 illuc,
532 2341 657 2438 media
668 2341 744 2452 ipsa
762 2342 953 2450 ingentem
971 2339 1122 2423 sustinet
1134 2341 1320 2424 umbram.

300 2482 410 2563 Neve
423 2479 492 2559 tibi
511 2480 560 2575 ad
578 2479 696 2562 solem
711 2496 862 2588 vergant
874 2479 996 2561 vineta
1010 2481 1222 2563 cadentem:

210 2610 213 2615 ⁴
300 2624 410 2705 Neve
423 2625 516 2705 inter
529 2623 621 2705 vites
631 2622 805 2734 corylum
818 2621 917 2704 sere:
947 2648 1042 2703 neve
1054 2620 1200 2731 flagella
1250 2640 1254 2647 ’

301 2762 459 2844 Summa
476 2778 572 2872 pete,
590 2780 653 2843 aut
663 2761 811 2844 summa
821 2759 1059 2869 destringeex
1071 2761 1199 2841 arbore
1209 2759 1366 2870 plantas:

238 2968 241 2976 .
304 2901 591 3008 (Tantusamor
611 2898 745 3007 terrae)
759 2927 834 2980 neu
847 2899 945 2980 ferro
962 2898 1065 2979 laede
1078 2896 1198 2979 retuso
1281 2927 1360 3008 30¹

302 3040 474 3120 Semina:
502 3066 594 3121 neve
609 3039 712 3120 oleae
731 3038 918 3152 sylvestres
931 3037 1221 3121 inseretruncos.

303 3179 411 3259 Nam
431 3178 536 3287 saepe
557 3177 711 3261 incautis
722 3177 927 3290 pastoribus
939 3177 1077 3259 excidit
1092 3178 1199 3285 ignis,

305 3319 385 3422 Qu
402 3317 533 3396 furtim
554 3319 685 3427 pingui
702 3321 871 3429 primum
886 3317 954 3399 sub
969 3319 1106 3399 cortice
1119 3321 1237 3397 tesius

305 3457 458 3539 Robora
471 3457 717 3569 comprendit,
728 3458 948 3568 frondesque
959 3457 1099 3567 elapsus
1112 3459 1151 3539 in
1165 3457 1253 3537 altas
1287 3485 1339 3565 30
1346 3482 1369 3564 5

307 3597 503 3704 Ingentem
519 3597 625 3677 coelo
644 3597 806 3679 sonitum
826 3598 954 3680 dedit:
986 3596 1073 3676 inde
1090 3596 1235 3678 secutus

306 3733 378 3813 Per
395 3763 518 3815 ramos
534 3735 663 3832 victor,
682 3764 823 3847 perque
842 3736 914 3816 alta
931 3735 1128 3817 cacumina
1146 3753 1284 3844 regnat,

305 3874 357 3952 Et
376 3891 499 3952 totum
519 3874 675 3956 involvit
693 3874 857 3956 flammis
876 3901 1023 3973 nemus,
1042 3891 1079 3954 et
1096 3875 1170 3954 ruit
1182 3891 1302 3955 atram

307 4008 372 4089 Ad
389 4007 539 4087 coelum
560 4012 665 4118 picea
682 4011 812 4091 crassus
825 3988 983 4121 ealigine
1001 4013 1168 4092 nubem:

307 4139 521 4228 Praesertim
541 4147 568 4228 sr
585 4149 781 4258 tempestas
799 4180 820 4232 a
841 4153 974 4234 vertice
996 4150 1102 4260 sylvis
1289 4174 1373 4254 310

1185 4281 1375 4379 Incubuit,
