2940 5190
374 415 710 511 Aruernos.
759 410 966 510 Lrull.
1108 416 1201 538 163
1309 350 1316 359 -

139 586 357 713 Extuleratg
383 613 539 724 fatisque
551 613 667 697 deum
678 613 846 697 defensus
859 615 1009 723 iniqius,

138 753 302 837 Inclusos
314 769 420 839 utero
438 754 589 837 Danaos
601 770 639 834 et
654 753 762 862 pines
775 751 909 836 furtim
1038 795 1045 814 ·

137 895 259 979 Laxat
274 893 433 979 clausa
449 894 592 975 Sinon:
622 894 704 981 illos
725 891 927 1003 patesaslus
944 893 993 975 ad
1010 920 1112 977 auras

138 1035 279 1116 Reddit
293 1063 427 1144 equus,
445 1034 605 1143 laetique
612 1061 704 1115 cavo
717 1034 753 1115 se
762 1035 893 1115 robore
906 1042 1103 1142 promunts
1117 1040 1201 1121 260

138 1174 392 1261 Thessandrus
405 1172 670 1284 Sthenelusque
684 1175 811 1275 duces,
823 1191 861 1255 et
871 1174 972 1255 dbus
984 1174 1147 1283 Ulysl'es,

139 1317 356 1401 Demiffum
367 1317 455 1426 lapsr
464 1345 528 1427 pet
538 1314 684 1413 funem,
700 1314 947 1423 Acamasque,
957 1314 1172 1428 Thoasque,

139 1457 355 1566 Pelidesque
372 1455 660 1568 Neoptolemus,
674 1456 889 1568 primusque
909 1454 1116 1561 Machaon,
1185 1448 1190 1459 ⁸
1349 1448 1354 1457 ’

138 1598 190 1681 Et
207 1596 418 1695 Menelaus,
433 1597 555 1709 etipse
574 1596 651 1678 doli
667 1597 864 1679 fabricator
874 1597 1014 1708 Epeus

138 1737 325 1847 Invadunt
344 1735 479 1819 urbem
494 1736 625 1818 somno
638 1737 800 1846 vinoque
814 1735 1009 1847 sepultam
1117 1738 1208 1848 265⁴

138 1874 356 1958 Caeduntur
372 1875 513 1984 vigiles,
543 1875 730 1986 portisque
745 1876 952 1986 patentibus
968 1902 1100 1959 omnes

140 2015 344 2124 Accipiunt
360 2016 491 2114 socios,
509 2034 619 2126 atque
638 2017 789 2125 agmina
799 2017 944 2099 conscia
954 2019 1132 2127 jungunt.
1220 2014 1223 2022 ’

198 2156 371 2266 Tempus
391 2176 480 2256 erat,
498 2185 577 2264 quo
596 2156 717 2266 prima
724 2156 829 2266 quies
842 2156 1062 2239 mortalibus
1073 2157 1190 2264 aegris

139 2296 289 2408 Incipit,
305 2316 344 2378 et
359 2292 464 2379 'dono
475 2296 607 2378 divum
620 2297 821 2406 gratissima
834 2296 957 2407 serpit.
1045 2399 1051 2405 .

140 2438 187 2518 In
197 2436 347 2534 somnis,
356 2453 550 2535 ecce‚ante
561 2434 691 2518 oculos
703 2434 964 2521 moestissimus
972 2439 1204 2553 Hector27o

142 2575 254 2656 Visus
271 2576 389 2658 adesse
407 2574 518 2673 mihi,
536 2575 726 2687 largosque
743 2573 933 2661 effundere
949 2575 1082 2676 fletus,

141 2717 324 2826 Raptatus
341 2715 449 2826 bigis,
463 2735 506 2798 ut
523 2718 730 2828 quondam,
743 2735 894 2826 aterque
907 2735 1062 2801 cruento
1218 2699 1225 2711 ’

143 2854 312 2953 Pulvere,
335 2844 474 2964 perque
492 2854 604 2965 pedes
615 2857 784 2961 trajectus
800 2854 879 2935 lora
896 2872 1094 2939 tumentes.

142 2997 221 3079 Hei
241 2993 351 3095 mihi,
367 2994 487 3105 qualis
504 2998 601 3078 eratl
621 3013 806 3106 quantum
819 3012 985 3077 mutatus
1002 2996 1049 3079 ab
1062 2994 1129 3079 illo

141 3135 322 3235 Hectore,
341 3135 408 3244 qui
424 3135 519 3215 redit
534 3135 685 3218 exuvias
704 3135 855 3216 indutus
867 3133 1042 3234 Adustis,
1119 3160 1206 3250 275

142 3275 217 3356 Vel
228 3277 407 3356 Danaum
416 3272 600 3384 Phrygios
608 3271 788 3382 jaculatus
805 3274 992 3384 puppibus
1003 3275 1107 3384 ignes
1122 3277 1132 3358 l

147 3415 386 3525 Squalentem
403 3414 571 3512 barbam,
591 3431 629 3496 et
646 3432 838 3497 concretos
855 3413 1030 3525 sanguine
1047 3415 1179 3509 crines,

144 3554 385 3664 Vulneraque
395 3552 459 3634 illa
472 3581 615 3664 gerens,
632 3581 729 3663 quae
742 3554 888 3636 circum
902 3554 1064 3664 plurima
1081 3579 1210 3636 muros

144 3694 306 3803 Accepit
322 3694 469 3802 patrios.
500 3693 598 3775 ultro
614 3692 706 3775 flens
722 3693 798 3803 ipse
815 3692 965 3774 videbar
1120 3719 1206 3805 279

145 3834 386 3943 Compellare
398 3837 535 3937 vuum,
547 3856 584 3917 et
592 3834 750 3917 moestas
757 3860 977 3945 expromere
992 3858 1122 3915 voces:

146 3978 185 4057 Ο
205 3975 272 4057 lux
290 3975 511 4074 Dardaniae,
529 3979 609 4089 spes
625 3950 835 4069 ofidisllma
848 3976 1058 4075 Teucrum,

148 4118 257 4239 Qe
277 4133 396 4199 tantae
408 4134 557 4203 tenuere
575 4125 734 4207 morae?
765 4119 899 4232 quibus
910 4113 1114 4201 Hessorab
1124 4115 1198 4198 oris

638 4396 690 4480 M
723 4426 748 4484 a
1012 4394 1217 4507 Expedate
