2940 5190
302 303 400 458 '1⁶28
485 354 1147 485 P.V1norar1Manonrs

304 564 479 646 Volvitur
496 559 536 641 in
550 575 684 669 caput3
702 559 756 640 ast
774 558 878 639 illam
895 577 950 640 ter
969 560 1103 644 fluetus
1121 562 1263 645 ibidem
1285 584 1389 651 120²

305 706 479 815 Torquet
502 728 613 813 agens
644 701 802 799 circum,
841 719 878 781 et
906 702 1054 812 rapidos
1079 722 1182 787 vorat
1211 732 1378 818 aequore

367 863 509 927 vortex.

307 988 502 1096 Apparent
518 981 589 1062 rati
609 997 735 1061 nantes
754 979 792 1061 in
809 978 953 1089 gurgite
970 980 1097 1066 vasto:

307 1123 576 1219 Armavirum,
605 1118 838 1228 tabulaeque,
868 1139 905 1201 et
919 1123 1038 1202 Troia
1054 1151 1147 1231 gaza
1162 1122 1373 1233 petundae.

308 1264 400 1371 Jam
415 1262 576 1343 validam
590 1259 720 1340 Ilionei
734 1287 881 1360 navem,
906 1261 1109 1370 jamfortis
1122 1262 1304 1363 Achatae,

308 1408 363 1489 Et
375 1433 449 1515 qua
461 1406 588 1483 venus
600 1402 716 1497 Abas,
730 1421 766 1482 et
778 1431 854 1512 qua
866 1403 1091 1512 grandaevus
1099 1403 1268 1504 Alethes,
1290 1435 1339 1492 12
1347 1435 1375 1519 ς

308 1543 412 1624 Vicit
428 1539 584 1648 hyems:
610 1539 702 1619 laxis
720 1538 879 1621 laterum
892 1543 1136 1653 compagibus
1153 1574 1284 1628 omncs

310 1655 515 1790 Accipiunt
531 1679 729 1759 inimicum
745 1680 920 1777 imbrem,
952 1681 1127 1791 rimisque
1145 1683 1329 1769 fatiscunt.

373 1825 516 1903 Interea
532 1848 671 1929 magno
688 1819 832 1900 misceri
851 1849 1043 1903 murmure
1061 1845 1236 1933 pontum,

194 1962 202 1970 ’
311 1959 568 2070 Emiffamque
586 1959 765 2069 hyemem
785 1959 890 2042 senfit
908 1961 1120 2071 Neptunus,
1153 1985 1190 2047 et
1207 1968 1293 2049 imis

314 2105 447 2213 Stagna
460 2100 576 2183 refusa
589 2101 710 2184 vadis:
732 2101 888 2210 graviter
901 2123 1126 2203 commotus,
1147 2124 1184 2187 et
1197 2108 1270 2188 alto
1291 2137 1374 2218 rgo

311 2244 553 2354 Prospiciens,
586 2242 732 2324 summa
759 2242 952 2363 placidum
975 2263 1086 2356 caput
1112 2247 1246 2329 extulit
1263 2250 1376 2335 unda.

148 2386 151 2391 ’
312 2384 519 2491 Disjeoam
531 2384 680 2463 Aeneae
694 2400 773 2462 toto
791 2381 892 2463 videt
908 2411 1066 2494 aequore
1085 2384 1247 2487 classem,

313 2519 507 2602 fluetibus
524 2517 708 2628 oppressos
720 2520 854 2615 Troas,
880 2521 1049 2629 coelique
1062 2523 1179 2607 ruina.

315 2657 402 2739 Nec
420 2655 558 2737 latuere
574 2655 652 2735 doli
668 2655 821 2737 fratrem
836 2657 1005 2764 Junonis,
1031 2676 1069 2739 et
1088 2660 1161 2741 irae
1176 2688 1186 2740 r

314 2800 464 2880 Eurum
494 2798 540 2878 ad
572 2797 608 2879 se
637 2797 922 2908 zephyrumque
947 2816 1075 2882 vocat:
1119 2799 1256 2883 dehinc
1292 2801 1380 2882 talia

376 2941 499 3024 satur:
1293 2972 1376 3055 135

314 3082 487 3158 Tantane
501 3104 566 3157 vos
583 3077 723 3186 generis
740 3077 859 3158 tenuit
878 3076 1013 3158 fiducia
1030 3076 1167 3159 vestri?

315 3221 404 3326 Jam
419 3218 568 3299 coelum
585 3237 807 3327 terramque,
833 3245 921 3301 meo
931 3219 1006 3300 fine
1017 3221 1185 3318 numine,
1203 3217 1315 3314 venti,
1449 3255 1454 3269 1

315 3360 489 3457 Miscere,
512 3377 677 3440 ettantas
699 3359 840 3440 audetis
854 3360 983 3442 tollere
995 3359 1141 3443 moles?

316 3503 423 3608 Qos
436 3495 605 3607 ego-sed
625 3515 748 3578 motos
761 3498 918 3606 praestat
931 3526 1155 3608 componere
1169 3496 1315 3581 fluetus.

315 3641 404 3724 Post
418 3638 515 3721 mihi
530 3667 607 3720 non
619 3637 731 3719 fimili
748 3666 867 3748 poena
879 3637 1073 3720 commissa
1091 3636 1209 3723 luetis.
1297 3669 1378 3748 140

314 3783 502 3862 Maturate
515 3778 659 3889 sugam,
693 3778 844 3889 regique
863 3776 957 3860 haec
969 3777 1079 3860 dicite
1096 3777 1237 3860 vestro:

315 3923 409 4002 Non
425 3918 478 4000 illi
497 3920 700 4030 imperium
716 3918 837 4030 pelagi
855 3918 1078 4027 saevumque
1096 3917 1320 4015 tridentem;

316 4058 389 4137 Sed
401 4056 510 4153 mihi,
534 4058 626 4138 sorte
639 4057 782 4138 datum.
805 4074 905 4138 tenet
921 4055 984 4137 ille
996 4055 1177 4136 immania
1190 4058 1287 4155 saxa,

317 4197 476 4292 Vestras,
506 4222 604 4294 eure,
626 4194 779 4280 domos:
813 4195 874 4278 illa
888 4195 924 4277 se
934 4197 1048 4306 jasiet
1062 4197 1101 4278 in
1119 4196 1202 4281 auia

1227 4332 1381 4442 AeoluS,
