2940 5190
312 392 650 493 Gronorcn.
699 392 821 490 Lrn.
860 388 921 489 ll.
1095 398 1155 489 61

95 600 272 686 Tmolius
286 600 433 710 assurgit
444 601 592 710 quibus,
612 616 726 680 etrex
749 597 823 707 ipse
838 596 1044 700 Phanaeus,

95 742 305 852 Argitisque
318 744 471 825 minor:
496 743 559 822 cui
571 769 648 823 non
669 739 859 820 certaverit
871 738 959 838 ulla,

98 887 179 963 Aut
195 879 1162 990 tantumfiuere,auttotidemdurareperannot.1oo

96 1023 191 1103 Non
203 1051 274 1131 ego
288 1041 338 1119 te,
352 1024 486 1103 mensis
498 1040 536 1103 et
549 1023 606 1103 dis
623 1039 772 1131 accepta
789 1020 969 1124 secundis,

99 1166 342 1263 Transrerim,
360 1163 524 1265 Rhodia,
538 1183 576 1245 et
589 1163 755 1261 tumidis,
764 1163 945 1260 bumaste,
957 1164 1124 1245 racemis

101 1306 174 1386 Sed
182 1333 428 1414 nequequam
437 1305 577 1386 multae
587 1305 736 1414 species,
745 1332 814 1385 noc
822 1303 1166 1414 nominaquaefint,

28 1434 31 1439 ’
99 1444 169 1523 Est
202 1471 402 1526 numerus:
440 1444 695 1555 nequeenim
722 1471 880 1527 numero
903 1444 1171 1556 comprendere

283 1583 405 1667 refert.
1069 1582 1072 1587 ’

100 1727 230 1833 Qm
240 1724 308 1834 qui
321 1725 411 1807 scire
424 1726 526 1827 velit,
538 1725 675 1837 Libyci
687 1727 775 1809 velit
788 1726 955 1835 aequoris
966 1725 1070 1808 idem
1087 1749 1169 1835 105

102 1865 265 1963 Discere,
284 1895 402 1975 quarn
416 1867 557 1951 multae
575 1865 744 1979 zephyro
761 1866 954 1948 turbentur
970 1892 1119 1951 arenae:

108 2008 201 2106 Aut,
221 2006 286 2087 ubi
303 2010 457 2117 navigiis
474 2009 670 2090 violentior
683 2007 813 2087 incidit
826 2034 948 2105 eurus,

104 2145 234 2243 Nolle,
253 2165 347 2256 quot
361 2148 459 2228 Ionii
471 2148 620 2229 veniant
630 2147 680 2227 ad
696 2146 803 2227 litora
815 2144 961 2228 husius.

103 2291 192 2371 Nec
205 2304 292 2370 ver'o
307 2307 421 2370 terrae
438 2290 534 2371 ferre
549 2315 681 2371 omnes
694 2288 822 2368 omnia
841 2284 1000 2396 possunt.
1166 2334 1170 2343 ·
1190 2314 1194 2321 ’

110 2426 350 2511 Fluminibus
365 2427 500 2527 salices,
518 2426 712 2539 crassrsque
729 2423 926 2538 paludibus
940 2425 1016 2506 alni
1097 2448 1175 2507 rra

109 2569 346 2651 Nascuntur:
363 2568 500 2651 steriles
516 2568 648 2652 saxosis
664 2566 856 2651 montibus
869 2568 976 2649 omi:

114 2709 244 2790 Litora
263 2707 431 2817 myrtetis
443 2708 656 2791 laetiffima:
675 2706 835 2816 denique
851 2722 994 2817 apertos

111 2844 281 2927 Bacchus
299 2863 401 2927 amat
416 2847 542 2949 colles,
562 2844 797 2956 Aquilonem
813 2861 851 2925 et
863 2844 1001 2954 frigora
1011 2843 1098 2925 taxi.

111 2985 249 3095 Aspice
265 3003 303 3067 et
320 2987 495 3068 extremis
514 2986 705 3067 domitum
717 2983 919 3067 cultoribus
938 2983 1082 3078 orbem,

110 3125 282 3235 ansque
301 3126 435 3208 domos
452 3130 635 3225 Arabum,
651 3125 841 3236 pictosque
851 3124 1030 3207 Gelonos.
1096 3146 1180 3231 115

114 3264 263 3344 Divisae
277 3264 469 3345 arboribus
486 3266 634 3375 patriae.
665 3263 740 3345 sola
752 3264 859 3344 India
868 3263 1019 3373 nigrum

113 3403 202 3485 Fert
214 3406 392 3502 ebenum,
408 3404 491 3487 solis
508 3404 562 3486 est
575 3422 677 3485 turea
693 3404 796 3513 virga
813 3405 970 3485 Sabaeis.

114 3541 220 3650 Qid
237 3542 302 3622 tibi
321 3542 475 3625 odorato
497 3544 656 3625 referam
671 3542 836 3625 sudantia
856 3542 959 3651 ligno

112 3678 363 3789 Balsamaque,
382 3700 419 3761 et
430 3683 559 3764 baccas
579 3682 723 3791 semper
740 3680 945 3762 frondentis
965 3672 1138 3759 acanthi?

112 3819 218 3921 Qid
234 3848 387 3901 nemora
401 3820 638 3933 Aethiopum
651 3818 758 3901 molli
780 3820 951 3901 canentia
967 3816 1079 3899 lana?
1102 3840 1185 3899 120

113 3957 335 4067 Velleraque
348 3977 391 4039 ut
403 3959 502 4043 foliis
518 3963 715 4073 depesiant
728 3959 853 4041 tenuia
866 3961 993 4041 Seres?

112 4101 194 4179 Aut
213 4125 306 4205 quos
320 4100 474 4181 Oceano
491 4103 642 4212 propior
659 4099 753 4221 gerit
771 4099 880 4180 India
897 4099 1016 4196 lucos,

116 4235 289 4318 Extremi
309 4235 406 4318 smus
419 4237 544 4322 orbis?
575 4239 641 4321 ubi
656 4245 738 4319 ae'ra
755 4237 901 4321 vincere
913 4236 1109 4358 sununum

1040 4370 1197 4456 Arborio
