2940 5190
461 387 514 487 P.
548 385 823 482 Vineam
860 358 1145 480 Μιιιόιιιι

303 576 314 632 '³
351 570 617 682 Arrunte.
638 613 742 701 727.
761 561 922 695 agusti
940 613 1010 698 37.
1028 577 1189 719 magra
1208 590 1285 693 44.
1347 596 1353 605 ·

348 737 400 822 C.
419 735 613 818 Caesae
634 732 952 812 Octavianus
971 756 1014 842 7.
1106 787 1111 797 .

341 855 931 959 'M.Vn›sirrusaon11›1›i
952 895 991 978 3.

286 1009 291 1021 ’
418 1010 556 1143 Ugusti
574 1010 730 1091 nomine
747 1010 908 1091 donatur
930 986 1194 1088 ottavianus'a
1207 1005 1362 1111 Senatu,

448 1131 617 1233 Munatii
634 1129 764 1232 Planci
781 1140 957 1231 sententia
958 1146 1170 1256 ,Januario
1187 1145 1329 1234 mense.

283 1277 557 1377 AnausU.
575 1295 622 1373 C.
642 1294 747 1405 728.
763 1287 924 1398 Augusti
947 1290 1018 1403 38.
1034 1287 1193 1401 Wrgilit‘
1212 1300 1357 1402 4ς.“·

353 1433 403 1514 C.
416 1416 886 1515 ciasinAuousrus.
1037 1494 1040 1500 .

352 1571 407 1660 Τ.
426 1571 693 1656 Summus
713 1571 909 1653 Taunus
932 1599 972 1654 2.

323 1698 327 1705 ’
404 1712 582 1796 Omeli'us
595 1710 741 1813 Gallus,
759 1711 905 1794 amicus
922 1709 1085 1821 Virgilii,
1120 1711 1268 1822 primus
1285 1688 1368 1794 Aess

348 1840 365 1884 ⁵
427 1851 536 1961 gypti
548 1868 765 1961 procurator
777 1851 825 1930 ab
844 1848 1017 1957 Augusto
1041 1848 1273 1951 constitutio,
1313 1851 1365 1934 ob

296 1992 419 2077 multa
431 1989 575 2073 ibidem
586 1989 764 2074 violenter
779 1994 860 2070 atta
870 1990 996 2070 eidem
1009 1989 1159 2090 invisus,
1169 1970 1208 2073 et
1218 2020 1241 2074 a
1250 1996 1369 2076 tena-

295 2146 343 2224 tu
359 2120 569 2230 dannatur,
598 2116 758 2243 seipsum
775 2113 960 2213 interficit.
983 2161 990 2180 ι
1007 2119 1128 2213 Aiunt
1144 2133 1222 2248 ejus
1239 2131 1367 2216 laudes

296 2269 378 2356 fuse
399 2300 423 2354 a
449 2258 611 2381 Virgilio
636 2255 744 2352 fuiffe
769 2269 967 2352 celebratas
993 2271 1135 2379 Georg.
1155 2270 1225 2356 lib,
1244 2301 1287 2380 4.
1305 2273 1392 2354 in.·

294 2411 419 2526 deque
432 2412 515 2533 post
526 2414 604 2529 ejus
615 2412 857 2521 necemjuffu
868 2412 1030 2519 Augusti
1044 2410 1212 2512 sublatas,
1223 2428 1263 2494 e't
1276 2398 1367 2496 Aria
1388 2441 1393 2447 ·

296 2547 386 2632 stael
400 2548 571 2632 fabulam
587 2579 718 2633 earum
730 2549 817 2632 loco
833 2549 1078 2633 substitutam.
1116 2553 1189 2633 Sed
1208 2551 1367 2635 fidemii

132 2779 135 2782 ⁴
298 2687 400 2799 apud
413 2716 478 2771 me
494 2717 573 2772 non
584 2689 752 2777 faciunt
780 2707 867 2769 tum
879 2690 984 2799 quod
998 2689 1156 2772 Aristaei
1174 2690 1301 2774 fabula
1311 2693 1367 2776 fic

298 2857 393 2915 cum
414 2859 532 2944 apum
551 2830 694 2914 cultura
710 2858 881 2912 connexa
901 2830 968 2928 est,
1017 2848 1061 2912 ut
1076 2851 1199 2913 natae
1220 2861 1260 2913 re
1278 2832 1367 2945 ipsa,

292 2958 378 3052 ·ιιοιι
394 2955 486 3053 huic
503 2988 643 3054 attexta
655 2971 840 3053 videatur:
872 2988 958 3051 tum
971 2969 1075 3081 quod
1090 2966 1270 3081 Virgilius
1285 2990 1371 3057 tam

140 3105 143 3113 ’
297 3122 379 3188 tam
400 3109 520 3218 operis
536 3128 682 3220 partem
699 3109 885 3193 laudando
908 3109 1023 3196 Gallo
1050 3108 1211 3192 minime
1239 3111 1371 3197 debuit

297 3247 476 3347 tribuisse,
519 3252 587 3361 qui
616 3279 694 3334 non
718 3252 786 3333 nili
811 3251 991 3364 pauculos
1007 3250 1130 3339 versus
1155 3241 1369 3336 Maecenati

296 3386 451 3470 dederat
462 3386 541 3490 suo,
571 3392 772 3478 cuitotum
787 3391 911 3502 ipsum
928 3418 1022 3502 opus
1039 3390 1252 3475 dedicabat:
1283 3404 1370 3476 tum

299 3531 406 3640 quod
419 3533 609 3642 Augustus
620 3534 708 3645 ipse,
736 3536 803 3645 qui
818 3535 994 3616 Suetonio
1006 3535 1096 3616 teste
1109 3533 1254 3619 luxerat
1264 3512 1369 3617 Galli

301 3696 436 3759 nocem
445 3712 460 3773 ς
500 3701 579 3757 non
599 3677 652 3757 ita
669 3674 814 3760 videtur
830 3674 987 3758 infestus
1005 3678 1083 3788 ejus
1099 3676 1205 3771 fuisse
1218 3661 1370 3775 rnoldo,
1390 3739 1392 3742 -

301 3809 389 3920 tiae,
420 3827 463 3903 ut
477 3813 602 3907 inanes
615 3816 651 3906 ei
668 3815 1003 3926 laudeainvideret,
