2940 5190
388 328 754 482 Aruernos.
797 326 1042 480 Luaer.
1163 412 1255 508 225

192 582 283 674 Hoc
303 589 426 671 solum
442 616 584 672 nomen
601 588 784 698 quoniam
804 588 852 667 de
870 591 1029 712 cunjuge
1050 586 1169 671 restat.

191 733 298 839 Qtid
318 738 491 814 moror?
532 728 581 811 an
605 757 690 810 mea
727 727 952 838 Pygmalion
984 729 1081 810 dum
1111 729 1278 810 moenia.

376 870 487 951 stater
1004 908 1009 914 ·
1065 886 1102 919 ³·

193 1008 396 1123 Destru'ati
426 1028 491 1090 aut
502 1026 651 1117 captam
671 1008 783 1087 ducat
799 1005 960 1087 Getulus
971 1006 1128 1091 Iarbas?
1174 897 1258 983 3²5

193 1149 346 1250 Saltem,
364 1150 392 1229 fi
411 1178 487 1260 qua
500 1148 597 1229 mihi
611 1150 658 1229 de
676 1167 712 1228 te
735 1149 896 1259 suscepta
913 1145 1036 1228 fuisset
1213 1207 1218 1217 .

192 1290 295 1370 Ante
313 1289 446 1398 sugam
466 1287 621 1386 soboles,
638 1288 769 1397 siquis
788 1287 886 1369 mihi
896 1285 1071 1399 parvulus
1086 1285 1170 1369 aula
1231 1338 1236 1349 ·

193 1429 360 1512 Luderet
377 1432 535 1533 Aeneas,
555 1432 622 1539 qui
638 1449 676 1512 te
692 1447 839 1510 tantum
852 1457 916 1510 ore
934 1426 1109 1526 referret;

194 1562 290 1650 Non
298 1570 477 1680 equidem
491 1570 648 1651 omnino
659 1587 766 1681 capta
777 1585 840 1651 aut
854 1568 992 1649 deserta
1003 1569 1157 1653 viderer.
1174 1597 1259 1682 330

195 1706 364 1790 Dixerat.
392 1708 457 1790 ille
473 1709 577 1817 Jovis
594 1710 745 1791 monitis
764 1710 924 1790 immota
940 1709 1092 1791 tenebat
1204 1751 1207 1755 ·

197 1846 376 1950 Lumina,
396 1867 434 1930 et
449 1849 610 1931 obnixus
623 1874 754 1931 cruam
765 1846 963 1930 subcorde
978 1846 1183 1958 premebat.

192 1984 371 2068 Tandem
388 2016 506 2098 pauca
519 1987 654 2086 resert3
681 2014 754 2099 ego
771 2006 821 2084 te,
836 2015 932 2096 quae
950 1986 1113 2096 plurima
1129 1987 1244 2071 fando

194 2122 426 2207 Enumerare
443 2124 554 2221 vales,
574 2153 783 2236 nunquam,
799 2125 936 2233 regina,
959 2124 1104 2232 negabo
1126 2172 1134 2186 ·

193 2256 467 2346 Promeritam:
499 2259 1006 2370 nec‘mememinissepigebit
1020 2256 1161 2358 Elisae3
1177 2287 1262 2372 335
1380 2336 1387 2351 ,

195 2406 308 2487 Dum
325 2432 474 2488 memor
490 2404 567 2514 ipse
583 2404 672 2503 mei,
691 2404 785 2485 dum
798 2402 943 2511 spiritus
956 2400 1026 2485 hos
1042 2421 1144 2512 reget
1153 2385 1264 2486 artui.

197 2544 272 2626 Pro
297 2573 337 2629 re
368 2573 486 2657 pauca
519 2536 670 2656 loquar:
713 2571 784 2625 nec
812 2569 884 2652 ego
915 2540 1013 2625 hanc
1044 2541 1265 2663 abscondere

382 2686 484 2769 furto

195 2828 356 2939 Speravi,
376 2855 424 2907 ne
449 2826 562 2937 finge,
583 2822 741 2936 sugam;
772 2844 842 2903 nec
860 2815 1028 2931 conjugis
1046 2848 1217 2930 unquam

197 2960 393 3049 Praetendi
410 2962 544 3061 taedas,
569 2982 634 3044 aut
649 2963 749 3056 haec¹
768 2964 807 3042 in
831 2961 981 3042 foedera
1002 2961 1100 3044 veni.
1235 2934 1240 2942 ⁵

196 3106 269 3190 Me
285 3107 314 3189 sr
332 3105 407 3188 fata
423 3103 518 3183 meis
535 3121 745 3212 paterentur
763 3102 898 3183 ducere
915 3099 1033 3180 vitam
1180 3127 1265 3211 340

199 3243 397 3355 Auspiciis,
419 3258 457 3324 et
473 3240 601 3350 sponte
621 3270 706 3324 mea
726 3266 953 3349 componere
971 3265 1101 3336 curas,

198 3384 347 3465 Urbem
361 3382 567 3489 Trojanam
580 3379 748 3490 primum
765 3373 962 3485 dulcesque
988 3399 1165 3458 meorum

199 3521 406 3633 Relliquias
424 3520 610 3603 colerem:
639 3517 780 3600 Priami
798 3520 895 3598 testa
915 3510 988 3595 alta
1006 3531 1211 3612 manerent,

196 3660 250 3744 Et
265 3660 425 3744 recidiva
437 3689 554 3743 manu
567 3656 764 3771 posuissem
776 3659 957 3764 Pergama
968 3655 1085 3737 vietis.
1215 3720 1219 3727 .

200 3801 274 3884 Sed
292 3808 393 3882 nunc
412 3802 558 3882 Italiam
576 3811 755 3908 magnam
770 3798 965 3904 Grynaeus
978 3789 1134 3900 Apollo,
1181 3815 1266 3902 345

201 3940 348 4023 Italiam
365 3943 502 4051 Lyciae
518 3939 651 4050 jussere
668 3934 848 4049 capessere
859 3933 982 4022 sortes.

199 4080 280 4163 Hic
297 4111 417 4182 amor,
440 4080 533 4162 haec
552 4082 667 4190 patria
684 4078 749 4160 est.
781 4077 860 4156 srte
881 4071 1114 4183 Carthaginis
1128 4095 1228 4152 arces

199 4219 451 4339 Phoenissam,
472 4221 711 4335 Libycaeque
726 4218 892 4330 aspeetus
909 4214 1049 4300 detinet
1066 4211 1167 4302 urbis
1176 4249 1191 4307 ς

697 4360 778 4465 ο,
1162 4349 1272 4457 oue
