<?xml version="1.0" encoding="UTF-8"?>
<!DOCTYPE html PUBLIC "-//W3C//DTD XHTML 1.0 Transitional//EN"
    "http://www.w3.org/TR/xhtml1/DTD/xhtml1-transitional.dtd">
<html xmlns="http://www.w3.org/1999/xhtml" xml:lang="en" lang="en">
 <head>
  <title>
</title>
<meta http-equiv="Content-Type" content="text/html;charset=utf-8" />
  <meta name='ocr-system' content='tesseract 3.04.00' />
  <meta name='ocr-capabilities' content='ocr_page ocr_carea ocr_par ocr_line ocrx_word'/>
</head>
<body>
  <div class='ocr_page' id='page_1' title='image "./publiivirgiliim01schegoog/publiivirgiliim01schegoog_0182.png"; bbox 0 0 2940 5190; ppageno 0'>
   <div class='ocr_carea' id='block_1_1' title="bbox 406 363 1266 500">
    <p class='ocr_par' dir='ltr' id='par_1_1' title="bbox 406 363 1266 500">
     <span class='ocr_line' id='line_1_1' title="bbox 406 363 1266 500; baseline 0.003 -32"><span class='ocrx_word' id='word_1_1' title='bbox 406 375 747 468; x_wconf 70' lang='lat' dir='ltr'>Gronoren</span> <span class='ocrx_word' id='word_1_2' title='bbox 782 363 904 464; x_wconf 80' lang='lat' dir='ltr'>Lrn.</span> <span class='ocrx_word' id='word_1_3' title='bbox 945 368 1063 467; x_wconf 90' lang='lat' dir='ltr'><strong>IV..</strong></span> <span class='ocrx_word' id='word_1_4' title='bbox 1171 405 1266 500; x_wconf 89' lang='lat'>109</span> 
     </span>
    </p>
   </div>
   <div class='ocr_carea' id='block_1_2' title="bbox 146 571 1301 4342">
    <p class='ocr_par' dir='ltr' id='par_1_2' title="bbox 146 571 1301 4342">
     <span class='ocr_line' id='line_1_2' title="bbox 191 571 1270 696; baseline -0.002 -35"><span class='ocrx_word' id='word_1_5' title='bbox 191 583 275 662; x_wconf 89' lang='lat' dir='ltr'>Ora</span> <span class='ocrx_word' id='word_1_6' title='bbox 288 577 387 674; x_wconf 84' lang='lat' dir='ltr'>fove,</span> <span class='ocrx_word' id='word_1_7' title='bbox 416 574 614 682; x_wconf 91' lang='lat' dir='ltr'>fumosque</span> <span class='ocrx_word' id='word_1_8' title='bbox 627 599 744 652; x_wconf 92' lang='lat' dir='ltr'>manu</span> <span class='ocrx_word' id='word_1_9' title='bbox 758 571 955 681; x_wconf 85' lang='lat' dir='ltr'>praetende</span> <span class='ocrx_word' id='word_1_10' title='bbox 972 572 1154 685; x_wconf 86' lang='lat' dir='ltr'>sequaces.</span> <span class='ocrx_word' id='word_1_11' title='bbox 1186 608 1270 696; x_wconf 85' lang='lat'>230</span> 
     </span>
     <span class='ocr_line' id='line_1_3' title="bbox 195 710 1191 829; baseline 0.004 -30"><span class='ocrx_word' id='word_1_12' title='bbox 195 720 259 799; x_wconf 92' lang='lat' dir='ltr'>Bis</span> <span class='ocrx_word' id='word_1_13' title='bbox 276 717 443 829; x_wconf 88' lang='lat' dir='ltr'>gravidos</span> <span class='ocrx_word' id='word_1_14' title='bbox 460 731 602 822; x_wconf 89' lang='lat' dir='ltr'>cogunt</span> <span class='ocrx_word' id='word_1_15' title='bbox 618 710 753 809; x_wconf 88' lang='lat' dir='ltr'>foetus,</span> <span class='ocrx_word' id='word_1_16' title='bbox 786 710 862 791; x_wconf 94' lang='lat' dir='ltr'>duo</span> <span class='ocrx_word' id='word_1_17' title='bbox 875 718 1045 823; x_wconf 86' lang='lat' dir='ltr'>tempora</span> <span class='ocrx_word' id='word_1_18' title='bbox 1056 720 1191 823; x_wconf 85' lang='lat' dir='ltr'>mellis,</span> 
     </span>
     <span class='ocr_line' id='line_1_4' title="bbox 196 849 1077 969; baseline -0.003 -29"><span class='ocrx_word' id='word_1_19' title='bbox 196 862 366 969; x_wconf 84' lang='lat' dir='ltr'>Taygete</span> <span class='ocrx_word' id='word_1_20' title='bbox 386 853 496 935; x_wconf 88' lang='lat' dir='ltr'>srmul</span> <span class='ocrx_word' id='word_1_21' title='bbox 518 880 559 932; x_wconf 85' lang='lat' dir='ltr'>os</span> <span class='ocrx_word' id='word_1_22' title='bbox 578 852 681 931; x_wconf 89' lang='lat' dir='ltr'>terris</span> <span class='ocrx_word' id='word_1_23' title='bbox 699 849 857 931; x_wconf 90' lang='lat' dir='ltr'>ostendit</span> <span class='ocrx_word' id='word_1_24' title='bbox 875 850 1077 938; x_wconf 89' lang='lat' dir='ltr'>honestum</span> 
     </span>
     <span class='ocr_line' id='line_1_5' title="bbox 195 980 1178 1103; baseline 0.001 -23"><span class='ocrx_word' id='word_1_25' title='bbox 195 999 328 1098; x_wconf 85' lang='lat' dir='ltr'>Pleias,</span> <span class='ocrx_word' id='word_1_26' title='bbox 359 1014 398 1077; x_wconf 87' lang='lat' dir='ltr'>et</span> <span class='ocrx_word' id='word_1_27' title='bbox 415 993 558 1075; x_wconf 85' lang='lat' dir='ltr'>Oceani</span> <span class='ocrx_word' id='word_1_28' title='bbox 578 992 715 1102; x_wconf 87' lang='lat' dir='ltr'>spretos</span> <span class='ocrx_word' id='word_1_29' title='bbox 733 991 828 1100; x_wconf 92' lang='lat' dir='ltr'>pede</span> <span class='ocrx_word' id='word_1_30' title='bbox 844 980 1007 1103; x_wconf 81' lang='lat' dir='ltr'>reppulit</span> <span class='ocrx_word' id='word_1_31' title='bbox 1023 1026 1178 1088; x_wconf 82' lang='lat' dir='ltr'>anmes:</span> 
     </span>
     <span class='ocr_line' id='line_1_6' title="bbox 196 1133 1075 1244; baseline -0.005 -22"><span class='ocrx_word' id='word_1_32' title='bbox 196 1143 281 1222; x_wconf 92' lang='lat' dir='ltr'>Aut</span> <span class='ocrx_word' id='word_1_33' title='bbox 297 1139 431 1220; x_wconf 88' lang='lat' dir='ltr'>eadem</span> <span class='ocrx_word' id='word_1_34' title='bbox 448 1135 545 1216; x_wconf 89' lang='lat' dir='ltr'>fidus</span> <span class='ocrx_word' id='word_1_35' title='bbox 563 1133 710 1242; x_wconf 86' lang='lat' dir='ltr'>fugiens</span> <span class='ocrx_word' id='word_1_36' title='bbox 728 1133 794 1213; x_wconf 94' lang='lat' dir='ltr'>ubi</span> <span class='ocrx_word' id='word_1_37' title='bbox 811 1133 917 1242; x_wconf 90' lang='lat' dir='ltr'>piscis</span> <span class='ocrx_word' id='word_1_38' title='bbox 934 1139 1075 1244; x_wconf 86' lang='lat' dir='ltr'>aquosr,</span> 
     </span>
     <span class='ocr_line' id='line_1_7' title="bbox 196 1274 1270 1397; baseline 0.001 -36"><span class='ocrx_word' id='word_1_39' title='bbox 196 1281 356 1383; x_wconf 84' lang='lat' dir='ltr'>Tristior</span> <span class='ocrx_word' id='word_1_40' title='bbox 373 1278 558 1388; x_wconf 87' lang='lat' dir='ltr'>hybernas</span> <span class='ocrx_word' id='word_1_41' title='bbox 571 1274 678 1355; x_wconf 86' lang='lat' dir='ltr'>coelo</span> <span class='ocrx_word' id='word_1_42' title='bbox 696 1274 884 1354; x_wconf 92' lang='lat' dir='ltr'>descendit</span> <span class='ocrx_word' id='word_1_43' title='bbox 902 1275 941 1355; x_wconf 94' lang='lat' dir='ltr'>in</span> <span class='ocrx_word' id='word_1_44' title='bbox 959 1277 1089 1362; x_wconf 86' lang='lat' dir='ltr'>undas.</span> <span class='ocrx_word' id='word_1_45' title='bbox 1184 1309 1207 1369; x_wconf 86' lang='lat'>2</span> <span class='ocrx_word' id='word_1_46' title='bbox 1216 1312 1236 1397; x_wconf 83' lang='lat'>3</span> <span class='ocrx_word' id='word_1_47' title='bbox 1246 1312 1270 1397; x_wconf 76' lang='grc' dir='ltr'><em>ς</em></span> 
     </span>
     <span class='ocr_line' id='line_1_8' title="bbox 146 1414 1301 1526; baseline 0 -23"><span class='ocrx_word' id='word_1_48' title='bbox 146 1454 150 1462; x_wconf 90' lang='grc'>·</span> <span class='ocrx_word' id='word_1_49' title='bbox 196 1422 276 1503; x_wconf 87' lang='lat' dir='ltr'>Illis</span> <span class='ocrx_word' id='word_1_50' title='bbox 290 1422 342 1501; x_wconf 88' lang='lat' dir='ltr'>ira</span> <span class='ocrx_word' id='word_1_51' title='bbox 361 1420 523 1501; x_wconf 91' lang='lat' dir='ltr'>modum</span> <span class='ocrx_word' id='word_1_52' title='bbox 541 1417 649 1526; x_wconf 90' lang='lat' dir='ltr'>supra</span> <span class='ocrx_word' id='word_1_53' title='bbox 668 1414 735 1512; x_wconf 87' lang='lat' dir='ltr'>est,</span> <span class='ocrx_word' id='word_1_54' title='bbox 766 1415 955 1525; x_wconf 87' lang='lat' dir='ltr'>laesaeque</span> <span class='ocrx_word' id='word_1_55' title='bbox 975 1447 1164 1504; x_wconf 89' lang='lat' dir='ltr'>venenum</span> <span class='ocrx_word' id='word_1_56' title='bbox 1299 1506 1301 1513; x_wconf 73' lang='grc'><strong>,</strong></span> 
     </span>
     <span class='ocr_line' id='line_1_9' title="bbox 197 1556 1182 1672; baseline 0.003 -28"><span class='ocrx_word' id='word_1_57' title='bbox 197 1562 387 1644; x_wconf 87' lang='lat' dir='ltr'>Morfibus</span> <span class='ocrx_word' id='word_1_58' title='bbox 407 1560 594 1670; x_wconf 89' lang='lat' dir='ltr'>inspirant,</span> <span class='ocrx_word' id='word_1_59' title='bbox 626 1576 664 1639; x_wconf 94' lang='lat' dir='ltr'>et</span> <span class='ocrx_word' id='word_1_60' title='bbox 683 1556 820 1666; x_wconf 89' lang='lat' dir='ltr'>spicula</span> <span class='ocrx_word' id='word_1_61' title='bbox 838 1586 946 1639; x_wconf 89' lang='lat' dir='ltr'>caeca</span> <span class='ocrx_word' id='word_1_62' title='bbox 963 1559 1182 1672; x_wconf 89' lang='lat' dir='ltr'>relinquunt</span> 
     </span>
     <span class='ocr_line' id='line_1_10' title="bbox 195 1695 1253 1808; baseline -0.011 -25"><span class='ocrx_word' id='word_1_63' title='bbox 195 1700 347 1782; x_wconf 86' lang='lat' dir='ltr'>Affixae</span> <span class='ocrx_word' id='word_1_64' title='bbox 367 1700 480 1798; x_wconf 88' lang='lat' dir='ltr'>venis,</span> <span class='ocrx_word' id='word_1_65' title='bbox 513 1696 729 1806; x_wconf 89' lang='lat' dir='ltr'>animasque</span> <span class='ocrx_word' id='word_1_66' title='bbox 745 1695 784 1776; x_wconf 94' lang='lat' dir='ltr'>in</span> <span class='ocrx_word' id='word_1_67' title='bbox 800 1695 952 1791; x_wconf 83' lang='lat' dir='ltr'>vulnere</span> <span class='ocrx_word' id='word_1_68' title='bbox 971 1721 1129 1808; x_wconf 89' lang='lat' dir='ltr'>ponunt.</span> <span class='ocrx_word' id='word_1_69' title='bbox 1248 1763 1253 1771; x_wconf 89' lang='lat'><strong><em>.</em></strong></span> 
     </span>
     <span class='ocr_line' id='line_1_11' title="bbox 196 1835 1186 1947; baseline 0.002 -25"><span class='ocrx_word' id='word_1_70' title='bbox 196 1843 262 1922; x_wconf 88' lang='lat' dir='ltr'>Sin</span> <span class='ocrx_word' id='word_1_71' title='bbox 279 1841 414 1921; x_wconf 88' lang='lat' dir='ltr'>duram</span> <span class='ocrx_word' id='word_1_72' title='bbox 439 1856 585 1919; x_wconf 89' lang='lat' dir='ltr'>metues</span> <span class='ocrx_word' id='word_1_73' title='bbox 602 1835 798 1944; x_wconf 88' lang='lat' dir='ltr'>hyemem,</span> <span class='ocrx_word' id='word_1_74' title='bbox 827 1837 1027 1947; x_wconf 85' lang='lat' dir='ltr'>parcesque</span> <span class='ocrx_word' id='word_1_75' title='bbox 1043 1840 1186 1942; x_wconf 86' lang='lat' dir='ltr'>futuro,</span> 
     </span>
     <span class='ocr_line' id='line_1_12' title="bbox 194 1975 1269 2094; baseline 0.003 -33"><span class='ocrx_word' id='word_1_76' title='bbox 194 1979 453 2087; x_wconf 90' lang='lat' dir='ltr'>Contusosque</span> <span class='ocrx_word' id='word_1_77' title='bbox 471 1977 617 2057; x_wconf 90' lang='lat' dir='ltr'>animos</span> <span class='ocrx_word' id='word_1_78' title='bbox 635 1992 673 2056; x_wconf 90' lang='lat' dir='ltr'>et</span> <span class='ocrx_word' id='word_1_79' title='bbox 693 2003 749 2054; x_wconf 89' lang='lat' dir='ltr'>res</span> <span class='ocrx_word' id='word_1_80' title='bbox 766 1975 985 2058; x_wconf 88' lang='lat' dir='ltr'>miserabere</span> <span class='ocrx_word' id='word_1_81' title='bbox 1004 1979 1136 2063; x_wconf 74' lang='lat' dir='ltr'>fractas</span> <span class='ocrx_word' id='word_1_82' title='bbox 1146 2011 1269 2094; x_wconf 68' lang='lat'>§.240</span> 
     </span>
     <span class='ocr_line' id='line_1_13' title="bbox 197 2115 1078 2226; baseline 0.003 -26"><span class='ocrx_word' id='word_1_83' title='bbox 197 2122 254 2200; x_wconf 92' lang='lat' dir='ltr'>At</span> <span class='ocrx_word' id='word_1_84' title='bbox 272 2120 393 2200; x_wconf 87' lang='lat' dir='ltr'>suffire</span> <span class='ocrx_word' id='word_1_85' title='bbox 411 2116 562 2226; x_wconf 88' lang='lat' dir='ltr'>thymo,</span> <span class='ocrx_word' id='word_1_86' title='bbox 590 2115 763 2224; x_wconf 89' lang='lat' dir='ltr'>cerasque</span> <span class='ocrx_word' id='word_1_87' title='bbox 777 2117 938 2199; x_wconf 90' lang='lat' dir='ltr'>recidere</span> <span class='ocrx_word' id='word_1_88' title='bbox 952 2119 1078 2204; x_wconf 89' lang='lat' dir='ltr'>inanes</span> 
     </span>
     <span class='ocr_line' id='line_1_14' title="bbox 195 2254 1152 2367; baseline 0.006 -27"><span class='ocrx_word' id='word_1_89' title='bbox 195 2261 294 2358; x_wconf 89' lang='lat' dir='ltr'>Quis</span> <span class='ocrx_word' id='word_1_90' title='bbox 313 2258 484 2340; x_wconf 87' lang='lat' dir='ltr'>dubitet?</span> <span class='ocrx_word' id='word_1_91' title='bbox 516 2284 606 2336; x_wconf 92' lang='lat' dir='ltr'>nam</span> <span class='ocrx_word' id='word_1_92' title='bbox 625 2254 729 2365; x_wconf 87' lang='lat' dir='ltr'>saepe</span> <span class='ocrx_word' id='word_1_93' title='bbox 747 2254 849 2337; x_wconf 88' lang='lat' dir='ltr'>favos</span> <span class='ocrx_word' id='word_1_94' title='bbox 867 2257 1014 2367; x_wconf 88' lang='lat' dir='ltr'>ignotus</span> <span class='ocrx_word' id='word_1_95' title='bbox 1028 2263 1152 2345; x_wconf 87' lang='lat' dir='ltr'>adedit</span> 
     </span>
     <span class='ocr_line' id='line_1_15' title="bbox 198 2393 1175 2505; baseline 0.002 -25"><span class='ocrx_word' id='word_1_96' title='bbox 198 2397 340 2496; x_wconf 86' lang='lat' dir='ltr'>Stellio,</span> <span class='ocrx_word' id='word_1_97' title='bbox 365 2393 540 2505; x_wconf 87' lang='lat' dir='ltr'>lucifugis</span> <span class='ocrx_word' id='word_1_98' title='bbox 554 2393 728 2502; x_wconf 85' lang='lat' dir='ltr'>congesta</span> <span class='ocrx_word' id='word_1_99' title='bbox 743 2395 881 2476; x_wconf 89' lang='lat' dir='ltr'>cubilia</span> <span class='ocrx_word' id='word_1_100' title='bbox 900 2398 1042 2483; x_wconf 88' lang='lat' dir='ltr'>blattis:</span> <span class='ocrx_word' id='word_1_101' title='bbox 1163 2422 1175 2442; x_wconf 92' lang='lat'><strong>·</strong></span> 
     </span>
     <span class='ocr_line' id='line_1_16' title="bbox 196 2536 1085 2649; baseline -0.001 -26"><span class='ocrx_word' id='word_1_102' title='bbox 196 2539 460 2649; x_wconf 91' lang='lat' dir='ltr'>Immunisque</span> <span class='ocrx_word' id='word_1_103' title='bbox 477 2537 604 2618; x_wconf 90' lang='lat' dir='ltr'>sedens</span> <span class='ocrx_word' id='word_1_104' title='bbox 618 2536 737 2618; x_wconf 86' lang='lat' dir='ltr'>aliena</span> <span class='ocrx_word' id='word_1_105' title='bbox 749 2537 797 2619; x_wconf 88' lang='lat' dir='ltr'>ad</span> <span class='ocrx_word' id='word_1_106' title='bbox 812 2537 948 2648; x_wconf 88' lang='lat' dir='ltr'>pabula</span> <span class='ocrx_word' id='word_1_107' title='bbox 963 2539 1085 2642; x_wconf 88' lang='lat' dir='ltr'>fucus,</span> 
     </span>
     <span class='ocr_line' id='line_1_17' title="bbox 196 2679 1268 2802; baseline 0.007 -38"><span class='ocrx_word' id='word_1_108' title='bbox 196 2687 279 2765; x_wconf 91' lang='lat' dir='ltr'>Aut</span> <span class='ocrx_word' id='word_1_109' title='bbox 292 2682 392 2793; x_wconf 86' lang='lat' dir='ltr'>asper</span> <span class='ocrx_word' id='word_1_110' title='bbox 405 2680 535 2761; x_wconf 85' lang='lat' dir='ltr'>crabro</span> <span class='ocrx_word' id='word_1_111' title='bbox 550 2680 757 2789; x_wconf 88' lang='lat' dir='ltr'>imparibus</span> <span class='ocrx_word' id='word_1_112' title='bbox 768 2679 804 2760; x_wconf 91' lang='lat' dir='ltr'>se</span> <span class='ocrx_word' id='word_1_113' title='bbox 814 2680 1019 2762; x_wconf 91' lang='lat' dir='ltr'>immiscuit</span> <span class='ocrx_word' id='word_1_114' title='bbox 1027 2687 1161 2784; x_wconf 89' lang='lat' dir='ltr'>armis;</span> <span class='ocrx_word' id='word_1_115' title='bbox 1183 2715 1268 2802; x_wconf 85' lang='lat'>245</span> 
     </span>
     <span class='ocr_line' id='line_1_18' title="bbox 196 2819 1138 2928; baseline 0.002 -24"><span class='ocrx_word' id='word_1_116' title='bbox 196 2827 279 2904; x_wconf 89' lang='lat' dir='ltr'>Aut</span> <span class='ocrx_word' id='word_1_117' title='bbox 296 2823 423 2902; x_wconf 92' lang='lat' dir='ltr'>dirum</span> <span class='ocrx_word' id='word_1_118' title='bbox 440 2821 559 2901; x_wconf 88' lang='lat' dir='ltr'>tineae</span> <span class='ocrx_word' id='word_1_119' title='bbox 572 2847 702 2928; x_wconf 87' lang='lat' dir='ltr'>genus,</span> <span class='ocrx_word' id='word_1_120' title='bbox 733 2835 797 2899; x_wconf 89' lang='lat' dir='ltr'>aut</span> <span class='ocrx_word' id='word_1_121' title='bbox 816 2819 928 2900; x_wconf 89' lang='lat' dir='ltr'>invisa</span> <span class='ocrx_word' id='word_1_122' title='bbox 942 2821 1138 2906; x_wconf 84' lang='lat' dir='ltr'>Minervae</span> 
     </span>
     <span class='ocr_line' id='line_1_19' title="bbox 196 2960 1031 3071; baseline 0.001 -26"><span class='ocrx_word' id='word_1_123' title='bbox 196 2965 323 3045; x_wconf 84' lang='lat' dir='ltr'>Laxos</span> <span class='ocrx_word' id='word_1_124' title='bbox 340 2963 381 3043; x_wconf 89' lang='lat' dir='ltr'>in</span> <span class='ocrx_word' id='word_1_125' title='bbox 399 2961 540 3043; x_wconf 91' lang='lat' dir='ltr'>foribus</span> <span class='ocrx_word' id='word_1_126' title='bbox 558 2960 740 3071; x_wconf 90' lang='lat' dir='ltr'>suspendit</span> <span class='ocrx_word' id='word_1_127' title='bbox 760 2989 890 3042; x_wconf 87' lang='lat' dir='ltr'>aranea</span> <span class='ocrx_word' id='word_1_128' title='bbox 910 2963 1031 3047; x_wconf 85' lang='lat' dir='ltr'>casses.</span> 
     </span>
     <span class='ocr_line' id='line_1_20' title="bbox 193 3100 1166 3212; baseline 0.011 -30"><span class='ocrx_word' id='word_1_129' title='bbox 193 3105 285 3203; x_wconf 91' lang='lat' dir='ltr'>Quo</span> <span class='ocrx_word' id='word_1_130' title='bbox 300 3103 420 3212; x_wconf 86' lang='lat' dir='ltr'>magis</span> <span class='ocrx_word' id='word_1_131' title='bbox 432 3100 631 3183; x_wconf 86' lang='lat' dir='ltr'>exhaustae</span> <span class='ocrx_word' id='word_1_132' title='bbox 648 3101 786 3183; x_wconf 91' lang='lat' dir='ltr'>fuerint</span> <span class='ocrx_word' id='word_1_133' title='bbox 806 3101 882 3185; x_wconf 93' lang='lat' dir='ltr'>hoc</span> <span class='ocrx_word' id='word_1_134' title='bbox 900 3107 1018 3188; x_wconf 88' lang='lat' dir='ltr'>acrius</span> <span class='ocrx_word' id='word_1_135' title='bbox 1035 3136 1166 3194; x_wconf 81' lang='lat' dir='ltr'>omnes</span> 
     </span>
     <span class='ocr_line' id='line_1_21' title="bbox 196 3243 982 3353; baseline 0.005 -29"><span class='ocrx_word' id='word_1_136' title='bbox 196 3244 423 3326; x_wconf 92' lang='lat' dir='ltr'>Incumbent</span> <span class='ocrx_word' id='word_1_137' title='bbox 438 3246 581 3353; x_wconf 85' lang='lat' dir='ltr'>generis</span> <span class='ocrx_word' id='word_1_138' title='bbox 599 3243 687 3351; x_wconf 75' lang='lat' dir='ltr'>lapsi</span> <span class='ocrx_word' id='word_1_139' title='bbox 704 3243 832 3325; x_wconf 87' lang='lat' dir='ltr'>sarcire</span> <span class='ocrx_word' id='word_1_140' title='bbox 846 3247 982 3350; x_wconf 85' lang='lat' dir='ltr'>ruinas,</span> 
     </span>
     <span class='ocr_line' id='line_1_22' title="bbox 194 3384 1268 3513; baseline 0.017 -50"><span class='ocrx_word' id='word_1_141' title='bbox 194 3385 527 3494; x_wconf 74' lang='lat' dir='ltr'>complebuntque</span> <span class='ocrx_word' id='word_1_142' title='bbox 539 3384 651 3482; x_wconf 89' lang='lat' dir='ltr'>soros,</span> <span class='ocrx_word' id='word_1_143' title='bbox 664 3401 701 3500; x_wconf 80' lang='lat' dir='ltr'>et</span> <span class='ocrx_word' id='word_1_144' title='bbox 713 3384 866 3468; x_wconf 91' lang='lat' dir='ltr'>floribus</span> <span class='ocrx_word' id='word_1_145' title='bbox 877 3386 1009 3472; x_wconf 88' lang='lat' dir='ltr'>horrea</span> <span class='ocrx_word' id='word_1_146' title='bbox 1020 3408 1158 3478; x_wconf 83' lang='lat' dir='ltr'>terrent.</span> <span class='ocrx_word' id='word_1_147' title='bbox 1181 3420 1268 3513; x_wconf 68' lang='lat'>250</span> 
     </span>
     <span class='ocr_line' id='line_1_23' title="bbox 257 3524 1249 3637; baseline 0.011 -33"><span class='ocrx_word' id='word_1_148' title='bbox 257 3525 296 3604; x_wconf 87' lang='lat' dir='ltr'>Si</span> <span class='ocrx_word' id='word_1_149' title='bbox 311 3552 397 3606; x_wconf 90' lang='lat' dir='ltr'>vero</span> <span class='ocrx_word' id='word_1_150' title='bbox 412 3526 613 3635; x_wconf 91' lang='lat' dir='ltr'>(quoniam</span> <span class='ocrx_word' id='word_1_151' title='bbox 623 3524 725 3606; x_wconf 88' lang='lat' dir='ltr'>casus</span> <span class='ocrx_word' id='word_1_152' title='bbox 741 3526 873 3634; x_wconf 89' lang='lat' dir='ltr'>apibus</span> <span class='ocrx_word' id='word_1_153' title='bbox 891 3556 1044 3637; x_wconf 92' lang='lat' dir='ltr'>quoque</span> <span class='ocrx_word' id='word_1_154' title='bbox 1056 3533 1200 3614; x_wconf 83' lang='lat' dir='ltr'>nostros</span> <span class='ocrx_word' id='word_1_155' title='bbox 1242 3586 1249 3596; x_wconf 88' lang='lat'><strong>·</strong></span> 
     </span>
     <span class='ocr_line' id='line_1_24' title="bbox 200 3648 1149 3776; baseline 0.005 -31"><span class='ocrx_word' id='word_1_156' title='bbox 200 3666 285 3747; x_wconf 84' lang='lat' dir='ltr'>Vita</span> <span class='ocrx_word' id='word_1_157' title='bbox 302 3665 406 3773; x_wconf 86' lang='lat' dir='ltr'>tulit)</span> <span class='ocrx_word' id='word_1_158' title='bbox 428 3666 519 3748; x_wconf 89' lang='lat' dir='ltr'>tristi</span> <span class='ocrx_word' id='word_1_159' title='bbox 539 3667 767 3776; x_wconf 89' lang='lat' dir='ltr'>languebunt</span> <span class='ocrx_word' id='word_1_160' title='bbox 784 3694 939 3776; x_wconf 89' lang='lat' dir='ltr'>corpora</span> <span class='ocrx_word' id='word_1_161' title='bbox 958 3670 1108 3767; x_wconf 88' lang='lat' dir='ltr'>morbo,</span> <span class='ocrx_word' id='word_1_162' title='bbox 1147 3648 1149 3651; x_wconf 25' lang='lat'>¹</span> 
     </span>
     <span class='ocr_line' id='line_1_25' title="bbox 194 3806 1187 3919; baseline 0.004 -31"><span class='ocrx_word' id='word_1_163' title='bbox 194 3807 310 3918; x_wconf 83' lang='lat' dir='ltr'>Qrod</span> <span class='ocrx_word' id='word_1_164' title='bbox 322 3810 405 3912; x_wconf 90' lang='lat' dir='ltr'>jam</span> <span class='ocrx_word' id='word_1_165' title='bbox 426 3837 502 3889; x_wconf 93' lang='lat' dir='ltr'>non</span> <span class='ocrx_word' id='word_1_166' title='bbox 519 3808 641 3888; x_wconf 90' lang='lat' dir='ltr'>dubiis</span> <span class='ocrx_word' id='word_1_167' title='bbox 661 3808 797 3918; x_wconf 88' lang='lat' dir='ltr'>poteris</span> <span class='ocrx_word' id='word_1_168' title='bbox 815 3806 1035 3914; x_wconf 87' lang='lat' dir='ltr'>cognoscere</span> <span class='ocrx_word' id='word_1_169' title='bbox 1056 3809 1187 3919; x_wconf 87' lang='lat' dir='ltr'>lignis:</span> 
     </span>
     <span class='ocr_line' id='line_1_26' title="bbox 193 3944 1196 4059; baseline 0.008 -31"><span class='ocrx_word' id='word_1_170' title='bbox 193 3950 385 4030; x_wconf 89' lang='lat' dir='ltr'>Continuo</span> <span class='ocrx_word' id='word_1_171' title='bbox 405 3949 459 4029; x_wconf 93' lang='lat' dir='ltr'>est</span> <span class='ocrx_word' id='word_1_172' title='bbox 473 3951 588 4059; x_wconf 88' lang='lat' dir='ltr'>aegris</span> <span class='ocrx_word' id='word_1_173' title='bbox 606 3949 699 4030; x_wconf 90' lang='lat' dir='ltr'>alius</span> <span class='ocrx_word' id='word_1_174' title='bbox 717 3946 844 4028; x_wconf 84' lang='lat' dir='ltr'>color:</span> <span class='ocrx_word' id='word_1_175' title='bbox 877 3944 1028 4029; x_wconf 83' lang='lat' dir='ltr'>horrida</span> <span class='ocrx_word' id='word_1_176' title='bbox 1045 3950 1196 4035; x_wconf 85' lang='lat' dir='ltr'>vultum</span> 
     </span>
     <span class='ocr_line' id='line_1_27' title="bbox 195 4088 1267 4204; baseline 0.007 -36"><span class='ocrx_word' id='word_1_177' title='bbox 195 4088 394 4171; x_wconf 87' lang='lat' dir='ltr'>Deformat</span> <span class='ocrx_word' id='word_1_178' title='bbox 409 4093 570 4172; x_wconf 85' lang='lat' dir='ltr'>macies:</span> <span class='ocrx_word' id='word_1_179' title='bbox 601 4108 685 4170; x_wconf 91' lang='lat' dir='ltr'>tum</span> <span class='ocrx_word' id='word_1_180' title='bbox 701 4116 856 4198; x_wconf 87' lang='lat' dir='ltr'>corpora</span> <span class='ocrx_word' id='word_1_181' title='bbox 874 4088 957 4170; x_wconf 91' lang='lat' dir='ltr'>luce</span> <span class='ocrx_word' id='word_1_182' title='bbox 970 4109 1163 4177; x_wconf 88' lang='lat' dir='ltr'>carentum</span> <span class='ocrx_word' id='word_1_183' title='bbox 1181 4121 1204 4175; x_wconf 91' lang='lat'>2</span> <span class='ocrx_word' id='word_1_184' title='bbox 1211 4120 1235 4204; x_wconf 82' lang='lat'>5</span> <span class='ocrx_word' id='word_1_185' title='bbox 1241 4119 1267 4204; x_wconf 84' lang='lat'>5</span> 
     </span>
     <span class='ocr_line' id='line_1_28' title="bbox 192 4224 1242 4342; baseline 0.003 -30"><span class='ocrx_word' id='word_1_186' title='bbox 192 4228 401 4342; x_wconf 85' lang='lat' dir='ltr'>Exportant</span> <span class='ocrx_word' id='word_1_187' title='bbox 418 4232 533 4331; x_wconf 67' lang='lat' dir='ltr'>tediis,</span> <span class='ocrx_word' id='word_1_188' title='bbox 565 4245 603 4311; x_wconf 88' lang='lat' dir='ltr'>et</span> <span class='ocrx_word' id='word_1_189' title='bbox 615 4229 730 4312; x_wconf 88' lang='lat' dir='ltr'>tristia</span> <span class='ocrx_word' id='word_1_190' title='bbox 742 4228 873 4312; x_wconf 88' lang='lat' dir='ltr'>funera</span> <span class='ocrx_word' id='word_1_191' title='bbox 887 4227 1054 4314; x_wconf 77' lang='lat' dir='ltr'>ducuntt</span> <span class='ocrx_word' id='word_1_192' title='bbox 1126 4320 1134 4330; x_wconf 68' lang='grc'><em>,</em></span> <span class='ocrx_word' id='word_1_193' title='bbox 1239 4224 1242 4228; x_wconf 58' lang='grc'><strong>’</strong></span> 
     </span>
    </p>
   </div>
   <div class='ocr_carea' id='block_1_3' title="bbox 1190 4368 1273 4452">
    <p class='ocr_par' dir='ltr' id='par_1_3' title="bbox 1190 4368 1273 4452">
     <span class='ocr_line' id='line_1_29' title="bbox 1190 4368 1273 4452; baseline 0.036 -3"><span class='ocrx_word' id='word_1_194' title='bbox 1190 4368 1273 4452; x_wconf 88' lang='lat' dir='ltr'>Aut</span> 
     </span>
    </p>
   </div>
   <div class='ocr_carea' id='block_1_4' title="bbox 0 0 1474 5190">
    <p class='ocr_par' dir='ltr' id='par_1_4' title="bbox 0 0 1474 5190">
     <span class='ocr_line' id='line_1_30' title="bbox 0 0 1474 5190; baseline 0 0"><span class='ocrx_word' id='word_1_195' title='bbox 0 0 1474 5190; x_wconf 95' lang='lat' dir='ltr'> </span> 
     </span>
    </p>
   </div>
  </div>
 </body>
</html>
