2940 5190
344 405 693 510 Buconrcr.
731 397 872 492 Ecr.
908 399 990 499 IV.
1148 430 1206 527 ¹3
1288 396 1291 401 ’

135 596 281 681 Pollio:
313 612 351 676 et
367 592 547 704 incipient
564 589 692 699 magni
710 588 911 698 procedere
929 593 1086 681 menses.

134 739 196 819 Te
217 737 324 834 duce,
345 733 462 844 fiqua
476 750 630 812 manent
647 728 788 809 sceleris
801 729 953 840 vestigia
970 735 1096 838 nostri,
1192 794 1197 801 ,

133 878 240 961 Irrita
261 893 437 988 perpetua
449 873 590 954 solvent
606 871 808 951 formidine
826 889 949 957 terras.

134 1016 203 1099 Ille
223 1021 355 1099 Deum
373 1015 491 1096 vitam
507 1013 676 1124 accipiet,
696 1011 877 1121 Divisquc
889 1015 1030 1098 videbit
1152 1052 1169 1108 1
1178 1053 1205 1138 5

133 1162 345 1244 Permixtos
358 1155 504 1253 heroas,
518 1175 555 1236 et
572 1153 647 1263 ipse
665 1152 849 1233 videbitur
867 1155 962 1242 illis:

131 1303 388 1412 Pacatumque
401 1317 503 1408 reget
520 1297 644 1407 patriis
663 1296 858 1377 virtutibus
872 1299 1019 1388 orbem.

132 1446 266 1526 Attibi
277 1445 410 1555 prima,
426 1444 539 1551 puer!
574 1438 680 1519 nullo
696 1438 917 1522 munuscula
938 1444 1056 1544 cultu,

131 1584 307 1662 Errantes
321 1579 473 1661 hederas
490 1578 623 1689 paffim
639 1605 731 1659 cum
749 1577 902 1660 baccare
923 1582 1043 1681 tellus,
1197 1580 1200 1585 ’

131 1718 333 1834 Mixtaque
352 1722 485 1804 ridenti
499 1720 679 1803 colocalia
692 1720 825 1801 fundet
838 1722 1061 1808 acantho.¹
1147 1757 1204 1816 20
1379 1712 1388 1725 ’

132 1864 236 1975 ipsae
258 1864 352 1946 ladio
372 1866 534 1946 domum
547 1861 707 1945 referent
719 1861 874 1943 distenta
891 1867 1054 1976 capellae

132 2004 283 2088 Ubera:
315 2034 384 2086 nec
395 2032 557 2114 magnos
566 2020 735 2084 metuent
753 2021 921 2085 armenta
937 2006 1074 2094 leones.

131 2144 213 2256 Ipsa
226 2146 295 2226 tibi
309 2145 465 2226 blandos
477 2144 637 2225 fundent
648 2143 832 2223 cunabula
851 2144 971 2246 flores,

131 2285 293 2366 Occidet
309 2304 347 2365 et
365 2285 523 2393 serpens,
542 2301 579 2364 et
591 2281 705 2362 fallax
723 2280 840 2361 herba
856 2287 989 2365 veneni

130 2424 316 2505 Occidet:
349 2421 543 2531 Allyrium
557 2418 670 2528 vulgo
687 2419 855 2501 nascetur
872 2449 1082 2515 amomum.
1145 2459 1205 2549 ²5

130 2565 187 2645 At
202 2562 315 2645 limul
327 2561 489 2644 heroum
505 2559 632 2642 laudes
643 2576 680 2639 et
696 2559 793 2640 facta
802 2564 962 2671 parentis

130 2700 219 2811 Jam
238 2702 371 2813 legere,
386 2719 423 2783 et
435 2704 531 2812 quae
549 2699 592 2781 fit
608 2700 745 2811 poteris
759 2702 979 2808 cognoscere
989 2702 1125 2789 virtues
1199 2701 1202 2707 ’

130 2840 248 2933 Molli
266 2843 461 2953 paullatim
475 2841 643 2923 flavescet
659 2868 814 2950 campus
832 2843 950 2940 arista,
1196 2836 1200 2841 ⁴

130 2980 358 3092 incultisque
370 2981 504 3063 rubens
518 2980 695 3093 pendebit
707 2980 867 3062 sentibus
881 3011 966 3079 uva,

131 3120 182 3201 Et
198 3122 312 3203 durae
330 3150 487 3231 quercus
512 3121 697 3203 sudabunt
713 3120 854 3202 roscida
867 3122 1005 3206 mellae
1146 3157 1202 3238 30

130 3257 255 3342 Pauca
269 3279 395 3343 tamen
412 3262 588 3343 suberunt
606 3260 742 3370 priscae
759 3261 910 3371 vestigia
923 3263 1075 3363 fraudis,

131 3399 240 3510 Qae
256 3419 395 3482 tentare
403 3401 564 3483 Thetim
579 3401 728 3497 ratibus,
747 3430 843 3511 quae
862 3404 1010 3513 cingere
1024 3405 1142 3487 muris

131 3543 294 3653 Oppida,
310 3572 405 3653 quae
415 3545 573 3652 jubeant
585 3542 707 3623 telluri
721 3541 900 3626 infindere
919 3545 1051 3631 sulcos.
1198 3545 1201 3552 ’

129 3684 239 3766 Alter
255 3686 325 3765 erit
342 3703 427 3765 tum
440 3685 604 3795 Tiphys,
621 3702 659 3765 et
676 3684 789 3765 altera
808 3714 905 3795 quae
923 3685 1033 3768 vehat
1047 3684 1155 3796 Argo

129 3824 307 3907 Deledtos
326 3825 480 3910 heroas:
503 3843 612 3907 erunt
625 3826 740 3906 etiarn
758 3824 871 3906 altera
880 3827 1004 3925 bella3
1064 3876 1068 3885 ·
1146 3857 1167 3938 3
1177 3855 1202 3938 ς

128 3968 258 4077 Atque
275 3969 412 4050 iterum
426 3968 473 4050 ad
486 3970 646 4079 Trojam
670 3993 830 4076 magnus
842 3968 1009 4050 mittetur
1020 3966 1205 4053 Achilles.

127 4107 247 4208 Hinc,
266 4109 332 4190 ubi
343 4110 426 4220 jam
443 4109 590 4192 firmata
603 4110 728 4190 virum
742 4127 778 4189 te
791 4110 920 4191 fecerit
938 4129 1048 4209 aetas,

67 4294 73 4309 ·
127 4249 249 4335 Cedet
266 4248 396 4364 etipse
414 4254 675 4338 mariveoor:
706 4278 778 4334 nec
797 4254 944 4335 nautica
955 4253 1066 4362 pinus
1128 4355 1132 4363 Ι

149 4393 152 4397 ’
297 4392 304 4399 '
384 4395 396 4403 ”
1036 4386 1206 4475 Mutabit

1199 4107 1205 4115 ’
1336 4084 1340 4092 ’
1354 4090 1361 4142 l
