<?xml version="1.0" encoding="UTF-8"?>
<!DOCTYPE html PUBLIC "-//W3C//DTD XHTML 1.0 Transitional//EN"
    "http://www.w3.org/TR/xhtml1/DTD/xhtml1-transitional.dtd">
<html xmlns="http://www.w3.org/1999/xhtml" xml:lang="en" lang="en">
 <head>
  <title>
</title>
<meta http-equiv="Content-Type" content="text/html;charset=utf-8" />
  <meta name='ocr-system' content='tesseract 3.04.00' />
  <meta name='ocr-capabilities' content='ocr_page ocr_carea ocr_par ocr_line ocrx_word'/>
</head>
<body>
  <div class='ocr_page' id='page_1' title='image "./publiivirgiliim01schegoog/publiivirgiliim01schegoog_0087.png"; bbox 0 0 2940 5190; ppageno 0'>
   <div class='ocr_carea' id='block_1_1' title="bbox 304 388 1162 513">
    <p class='ocr_par' dir='ltr' id='par_1_1' title="bbox 304 388 1162 513">
     <span class='ocr_line' id='line_1_1' title="bbox 304 388 1162 513; baseline 0.001 -28"><span class='ocrx_word' id='word_1_1' title='bbox 304 418 367 513; x_wconf 80' lang='lat'>32</span> <span class='ocrx_word' id='word_1_2' title='bbox 487 388 539 483; x_wconf 87' lang='lat' dir='ltr'>P.</span> <span class='ocrx_word' id='word_1_3' title='bbox 581 390 848 485; x_wconf 81' lang='lat' dir='ltr'>Vrnotutt</span> <span class='ocrx_word' id='word_1_4' title='bbox 884 388 1162 486; x_wconf 79' lang='lat' dir='ltr'>Mnuou1s</span> 
     </span>
    </p>
   </div>
   <div class='ocr_carea' id='block_1_2' title="bbox 127 590 1432 3627">
    <p class='ocr_par' dir='ltr' id='par_1_2' title="bbox 146 590 1367 982">
     <span class='ocr_line' id='line_1_2' title="bbox 146 590 1363 706; baseline 0.006 -37"><span class='ocrx_word' id='word_1_5' title='bbox 146 670 152 679; x_wconf 76' lang='grc'><strong>,</strong></span> <span class='ocrx_word' id='word_1_6' title='bbox 302 591 536 672; x_wconf 88' lang='lat' dir='ltr'>Audieram?</span> <span class='ocrx_word' id='word_1_7' title='bbox 562 617 739 672; x_wconf 87' lang='lat' dir='ltr'>numeros</span> <span class='ocrx_word' id='word_1_8' title='bbox 750 590 964 688; x_wconf 87' lang='lat' dir='ltr'>memini,fi</span> <span class='ocrx_word' id='word_1_9' title='bbox 985 595 1096 672; x_wconf 86' lang='lat' dir='ltr'>verba</span> <span class='ocrx_word' id='word_1_10' title='bbox 1109 610 1286 675; x_wconf 88' lang='lat' dir='ltr'>tenerem.</span> <span class='ocrx_word' id='word_1_11' title='bbox 1307 623 1333 701; x_wconf 94' lang='lat'>4</span> <span class='ocrx_word' id='word_1_12' title='bbox 1339 623 1363 706; x_wconf 80' lang='lat'>5</span> 
     </span>
     <span class='ocr_line' id='line_1_3' title="bbox 298 730 1367 844; baseline 0.006 -31"><span class='ocrx_word' id='word_1_13' title='bbox 298 730 595 842; x_wconf 81' lang='lat' dir='ltr'>Mou.Daphni,</span> <span class='ocrx_word' id='word_1_14' title='bbox 604 734 696 842; x_wconf 93' lang='lat' dir='ltr'>quid</span> <span class='ocrx_word' id='word_1_15' title='bbox 708 734 1227 844; x_wconf 87' lang='lat' dir='ltr'>antiquosfignorumsuspicis</span> <span class='ocrx_word' id='word_1_16' title='bbox 1236 742 1367 819; x_wconf 85' lang='lat' dir='ltr'>ortus?</span> 
     </span>
     <span class='ocr_line' id='line_1_4' title="bbox 300 871 1132 982; baseline 0.007 -32"><span class='ocrx_word' id='word_1_17' title='bbox 300 873 415 971; x_wconf 89' lang='lat' dir='ltr'>Ecce,</span> <span class='ocrx_word' id='word_1_18' title='bbox 431 872 590 953; x_wconf 86' lang='lat' dir='ltr'>Dionaei</span> <span class='ocrx_word' id='word_1_19' title='bbox 606 873 777 982; x_wconf 80' lang='lat' dir='ltr'>processit</span> <span class='ocrx_word' id='word_1_20' title='bbox 795 872 958 953; x_wconf 79' lang='lat' dir='ltr'>Caesaris</span> <span class='ocrx_word' id='word_1_21' title='bbox 968 871 1132 957; x_wconf 85' lang='lat' dir='ltr'>astrum:</span> 
     </span>
    </p>

    <p class='ocr_par' dir='ltr' id='par_1_3' title="bbox 300 1010 1432 1542">
     <span class='ocr_line' id='line_1_5' title="bbox 301 1010 1283 1126; baseline 0.007 -36"><span class='ocrx_word' id='word_1_22' title='bbox 301 1011 473 1110; x_wconf 86' lang='lat' dir='ltr'>Astrum,</span> <span class='ocrx_word' id='word_1_23' title='bbox 489 1042 565 1121; x_wconf 93' lang='lat' dir='ltr'>quo</span> <span class='ocrx_word' id='word_1_24' title='bbox 583 1011 718 1121; x_wconf 84' lang='lat' dir='ltr'>segetes</span> <span class='ocrx_word' id='word_1_25' title='bbox 733 1013 935 1121; x_wconf 88' lang='lat' dir='ltr'>gauderent</span> <span class='ocrx_word' id='word_1_26' title='bbox 947 1010 1137 1121; x_wconf 82' lang='lat' dir='ltr'>frugibus;</span> <span class='ocrx_word' id='word_1_27' title='bbox 1155 1032 1193 1096; x_wconf 89' lang='lat' dir='ltr'>et</span> <span class='ocrx_word' id='word_1_28' title='bbox 1204 1045 1283 1126; x_wconf 92' lang='lat' dir='ltr'>quo</span> 
     </span>
     <span class='ocr_line' id='line_1_6' title="bbox 300 1150 1432 1261; baseline 0.004 -31"><span class='ocrx_word' id='word_1_29' title='bbox 300 1150 468 1231; x_wconf 86' lang='lat' dir='ltr'>Duceret</span> <span class='ocrx_word' id='word_1_30' title='bbox 482 1152 619 1261; x_wconf 57' lang='lat' dir='ltr'>apricis,</span> <span class='ocrx_word' id='word_1_31' title='bbox 630 1152 668 1232; x_wconf 90' lang='lat' dir='ltr'>in</span> <span class='ocrx_word' id='word_1_32' title='bbox 688 1151 847 1233; x_wconf 87' lang='lat' dir='ltr'>collibus</span> <span class='ocrx_word' id='word_1_33' title='bbox 862 1178 936 1231; x_wconf 89' lang='lat' dir='ltr'>uva</span> <span class='ocrx_word' id='word_1_34' title='bbox 951 1150 1131 1249; x_wconf 86' lang='lat' dir='ltr'>colorem.</span> <span class='ocrx_word' id='word_1_35' title='bbox 1427 1237 1432 1249; x_wconf 72' lang='grc'>,</span> 
     </span>
     <span class='ocr_line' id='line_1_7' title="bbox 301 1285 1364 1403; baseline 0.004 -33"><span class='ocrx_word' id='word_1_36' title='bbox 301 1287 436 1385; x_wconf 78' lang='lat' dir='ltr'>insere,</span> <span class='ocrx_word' id='word_1_37' title='bbox 444 1285 611 1399; x_wconf 81' lang='lat' dir='ltr'>Daphni,</span> <span class='ocrx_word' id='word_1_38' title='bbox 620 1289 741 1398; x_wconf 87' lang='lat' dir='ltr'>piros:</span> <span class='ocrx_word' id='word_1_39' title='bbox 773 1308 1115 1400; x_wconf 86' lang='lat' dir='ltr'>carpenttuapotna</span> <span class='ocrx_word' id='word_1_40' title='bbox 1126 1307 1290 1401; x_wconf 86' lang='lat' dir='ltr'>nepotes.</span> <span class='ocrx_word' id='word_1_41' title='bbox 1308 1320 1364 1403; x_wconf 85' lang='lat'>50</span> 
     </span>
     <span class='ocr_line' id='line_1_8' title="bbox 302 1427 1369 1542; baseline 0.006 -37"><span class='ocrx_word' id='word_1_42' title='bbox 302 1428 445 1506; x_wconf 89' lang='lat' dir='ltr'>Omnia</span> <span class='ocrx_word' id='word_1_43' title='bbox 460 1427 532 1506; x_wconf 85' lang='lat' dir='ltr'>fert</span> <span class='ocrx_word' id='word_1_44' title='bbox 547 1444 656 1524; x_wconf 88' lang='lat' dir='ltr'>aetas,</span> <span class='ocrx_word' id='word_1_45' title='bbox 674 1429 844 1509; x_wconf 89' lang='lat' dir='ltr'>animum</span> <span class='ocrx_word' id='word_1_46' title='bbox 859 1457 1023 1539; x_wconf 91' lang='lat' dir='ltr'>quoque.</span> <span class='ocrx_word' id='word_1_47' title='bbox 1041 1430 1146 1542; x_wconf 77' lang='lat' dir='ltr'>saepe</span> <span class='ocrx_word' id='word_1_48' title='bbox 1153 1457 1225 1540; x_wconf 89' lang='lat' dir='ltr'>ego</span> <span class='ocrx_word' id='word_1_49' title='bbox 1238 1430 1369 1540; x_wconf 84' lang='lat' dir='ltr'>longos</span> 
     </span>
    </p>

    <p class='ocr_par' dir='ltr' id='par_1_4' title="bbox 264 1565 1219 1674">
     <span class='ocr_line' id='line_1_9' title="bbox 264 1565 1219 1674; baseline 0.007 -30"><span class='ocrx_word' id='word_1_50' title='bbox 264 1572 269 1581; x_wconf 65' lang='lat'>‘</span> <span class='ocrx_word' id='word_1_51' title='bbox 302 1565 499 1645; x_wconf 88' lang='lat' dir='ltr'>Cantando</span> <span class='ocrx_word' id='word_1_52' title='bbox 515 1592 674 1674; x_wconf 90' lang='lat' dir='ltr'>puerum</span> <span class='ocrx_word' id='word_1_53' title='bbox 691 1568 850 1653; x_wconf 87' lang='lat' dir='ltr'>memini</span> <span class='ocrx_word' id='word_1_54' title='bbox 864 1596 928 1649; x_wconf 93' lang='lat' dir='ltr'>me</span> <span class='ocrx_word' id='word_1_55' title='bbox 939 1568 1100 1650; x_wconf 91' lang='lat' dir='ltr'>condere</span> <span class='ocrx_word' id='word_1_56' title='bbox 1116 1569 1219 1651; x_wconf 89' lang='lat' dir='ltr'>soles.</span> 
     </span>
    </p>

    <p class='ocr_par' dir='ltr' id='par_1_5' title="bbox 302 1702 1372 1954">
     <span class='ocr_line' id='line_1_10' title="bbox 302 1702 1372 1815; baseline 0.002 -30"><span class='ocrx_word' id='word_1_57' title='bbox 302 1704 421 1785; x_wconf 91' lang='lat' dir='ltr'>Nunc</span> <span class='ocrx_word' id='word_1_58' title='bbox 438 1702 553 1786; x_wconf 89' lang='lat' dir='ltr'>oblita</span> <span class='ocrx_word' id='word_1_59' title='bbox 566 1704 663 1785; x_wconf 93' lang='lat' dir='ltr'>mihi</span> <span class='ocrx_word' id='word_1_60' title='bbox 676 1707 930 1788; x_wconf 85' lang='lat' dir='ltr'>totcarmina:</span> <span class='ocrx_word' id='word_1_61' title='bbox 958 1734 1194 1815; x_wconf 85' lang='lat' dir='ltr'>voxquoque</span> <span class='ocrx_word' id='word_1_62' title='bbox 1202 1708 1372 1787; x_wconf 90' lang='lat' dir='ltr'>Moerim</span> 
     </span>
     <span class='ocr_line' id='line_1_11' title="bbox 302 1843 1233 1954; baseline 0.003 -29"><span class='ocrx_word' id='word_1_63' title='bbox 302 1847 394 1953; x_wconf 90' lang='lat' dir='ltr'>Jam</span> <span class='ocrx_word' id='word_1_64' title='bbox 412 1844 508 1952; x_wconf 88' lang='lat' dir='ltr'>fugit</span> <span class='ocrx_word' id='word_1_65' title='bbox 527 1844 627 1953; x_wconf 87' lang='lat' dir='ltr'>ipsa:</span> <span class='ocrx_word' id='word_1_66' title='bbox 658 1843 740 1954; x_wconf 94' lang='lat' dir='ltr'>lupi</span> <span class='ocrx_word' id='word_1_67' title='bbox 754 1846 927 1926; x_wconf 72' lang='lat' dir='ltr'>Moerim·</span> <span class='ocrx_word' id='word_1_68' title='bbox 939 1845 1063 1925; x_wconf 89' lang='lat' dir='ltr'>videre</span> <span class='ocrx_word' id='word_1_69' title='bbox 1082 1846 1233 1954; x_wconf 87' lang='lat' dir='ltr'>priores.</span> 
     </span>
    </p>

    <p class='ocr_par' dir='ltr' id='par_1_6' title="bbox 301 1983 1369 2510">
     <span class='ocr_line' id='line_1_12' title="bbox 304 1983 1369 2097; baseline 0.007 -35"><span class='ocrx_word' id='word_1_70' title='bbox 304 1983 377 2064; x_wconf 86' lang='lat' dir='ltr'>Sed</span> <span class='ocrx_word' id='word_1_71' title='bbox 391 2000 518 2064; x_wconf 88' lang='lat' dir='ltr'>tamen</span> <span class='ocrx_word' id='word_1_72' title='bbox 535 1983 602 2064; x_wconf 87' lang='lat' dir='ltr'>ista</span> <span class='ocrx_word' id='word_1_73' title='bbox 614 1984 695 2065; x_wconf 89' lang='lat' dir='ltr'>satis</span> <span class='ocrx_word' id='word_1_74' title='bbox 709 1984 843 2066; x_wconf 89' lang='lat' dir='ltr'>referet</span> <span class='ocrx_word' id='word_1_75' title='bbox 859 1983 927 2064; x_wconf 92' lang='lat' dir='ltr'>tibi</span> <span class='ocrx_word' id='word_1_76' title='bbox 944 1983 1049 2094; x_wconf 87' lang='lat' dir='ltr'>saepe</span> <span class='ocrx_word' id='word_1_77' title='bbox 1060 1983 1266 2068; x_wconf 70' lang='lat' dir='ltr'>Menalcan</span> <span class='ocrx_word' id='word_1_78' title='bbox 1315 2013 1338 2096; x_wconf 78' lang='grc' dir='ltr'><em>ς</em></span> <span class='ocrx_word' id='word_1_79' title='bbox 1346 2014 1369 2097; x_wconf 80' lang='lat'>5</span> 
     </span>
     <span class='ocr_line' id='line_1_13' title="bbox 302 2121 1312 2232; baseline 0.001 -30"><span class='ocrx_word' id='word_1_80' title='bbox 302 2123 414 2204; x_wconf 84' lang='lat' dir='ltr'>ch.</span> <span class='ocrx_word' id='word_1_81' title='bbox 446 2121 641 2204; x_wconf 86' lang='lat' dir='ltr'>Causando</span> <span class='ocrx_word' id='word_1_82' title='bbox 658 2122 1023 2232; x_wconf 86' lang='lat' dir='ltr'>nostrosinlongum</span> <span class='ocrx_word' id='word_1_83' title='bbox 1036 2122 1142 2207; x_wconf 84' lang='lat' dir='ltr'>ducis</span> <span class='ocrx_word' id='word_1_84' title='bbox 1154 2150 1312 2209; x_wconf 84' lang='lat' dir='ltr'>amores.</span> 
     </span>
     <span class='ocr_line' id='line_1_14' title="bbox 301 2261 1361 2372; baseline 0.001 -30"><span class='ocrx_word' id='word_1_85' title='bbox 301 2261 354 2342; x_wconf 87' lang='lat' dir='ltr'>Et</span> <span class='ocrx_word' id='word_1_86' title='bbox 371 2289 473 2344; x_wconf 92' lang='lat' dir='ltr'>nunc</span> <span class='ocrx_word' id='word_1_87' title='bbox 489 2289 604 2343; x_wconf 88' lang='lat' dir='ltr'>omne</span> <span class='ocrx_word' id='word_1_88' title='bbox 623 2262 691 2343; x_wconf 91' lang='lat' dir='ltr'>tibi</span> <span class='ocrx_word' id='word_1_89' title='bbox 708 2263 866 2345; x_wconf 78' lang='lat' dir='ltr'>siratum</span> <span class='ocrx_word' id='word_1_90' title='bbox 884 2261 964 2345; x_wconf 83' lang='lat' dir='ltr'>filet</span> <span class='ocrx_word' id='word_1_91' title='bbox 980 2290 1145 2372; x_wconf 83' lang='lat' dir='ltr'>aequor:</span> <span class='ocrx_word' id='word_1_92' title='bbox 1175 2281 1212 2345; x_wconf 91' lang='lat' dir='ltr'>et</span> <span class='ocrx_word' id='word_1_93' title='bbox 1229 2289 1361 2344; x_wconf 87' lang='lat' dir='ltr'>omnes</span> 
     </span>
     <span class='ocr_line' id='line_1_15' title="bbox 304 2400 1225 2510; baseline 0.005 -30"><span class='ocrx_word' id='word_1_94' title='bbox 304 2400 480 2510; x_wconf 75' lang='lat' dir='ltr'>(Aspice)</span> <span class='ocrx_word' id='word_1_95' title='bbox 501 2402 640 2483; x_wconf 89' lang='lat' dir='ltr'>ventosi</span> <span class='ocrx_word' id='word_1_96' title='bbox 652 2403 866 2483; x_wconf 87' lang='lat' dir='ltr'>ceciderunt</span> <span class='ocrx_word' id='word_1_97' title='bbox 886 2402 1090 2486; x_wconf 87' lang='lat' dir='ltr'>murmuris</span> <span class='ocrx_word' id='word_1_98' title='bbox 1104 2431 1225 2485; x_wconf 89' lang='lat' dir='ltr'>aurae.</span> 
     </span>
    </p>

    <p class='ocr_par' dir='ltr' id='par_1_7' title="bbox 261 2540 1407 2930">
     <span class='ocr_line' id='line_1_16' title="bbox 261 2540 1407 2663; baseline 0.001 -43"><span class='ocrx_word' id='word_1_99' title='bbox 261 2576 276 2595; x_wconf 45' lang='grc'>’-</span> <span class='ocrx_word' id='word_1_100' title='bbox 292 2540 411 2663; x_wconf 70' lang='grc' dir='ltr'>Ιῌίηο</span> <span class='ocrx_word' id='word_1_101' title='bbox 429 2542 523 2622; x_wconf 89' lang='lat' dir='ltr'>adeo</span> <span class='ocrx_word' id='word_1_102' title='bbox 540 2541 665 2622; x_wconf 89' lang='lat' dir='ltr'>media</span> <span class='ocrx_word' id='word_1_103' title='bbox 677 2540 730 2625; x_wconf 88' lang='lat' dir='ltr'>est</span> <span class='ocrx_word' id='word_1_104' title='bbox 748 2543 855 2623; x_wconf 88' lang='lat' dir='ltr'>nobis</span> <span class='ocrx_word' id='word_1_105' title='bbox 872 2541 951 2622; x_wconf 87' lang='lat' dir='ltr'>via:</span> <span class='ocrx_word' id='word_1_106' title='bbox 979 2568 1145 2648; x_wconf 86' lang='lat' dir='ltr'>namque</span> <span class='ocrx_word' id='word_1_107' title='bbox 1162 2540 1375 2650; x_wconf 89' lang='lat' dir='ltr'>sepulcrum</span> <span class='ocrx_word' id='word_1_108' title='bbox 1405 2597 1407 2601; x_wconf 66' lang='lat'>,</span> 
     </span>
     <span class='ocr_line' id='line_1_17' title="bbox 304 2657 1369 2792; baseline -0.003 -25"><span class='ocrx_word' id='word_1_109' title='bbox 304 2657 442 2790; x_wconf 67' lang='lat' dir='ltr'>incipit</span> <span class='ocrx_word' id='word_1_110' title='bbox 455 2709 628 2792; x_wconf 89' lang='lat' dir='ltr'>apparere</span> <span class='ocrx_word' id='word_1_111' title='bbox 640 2681 816 2763; x_wconf 87' lang='lat' dir='ltr'>Bianoris.</span> <span class='ocrx_word' id='word_1_112' title='bbox 844 2678 922 2778; x_wconf 87' lang='lat' dir='ltr'>hic,</span> <span class='ocrx_word' id='word_1_113' title='bbox 943 2679 1009 2785; x_wconf 85' lang='lat' dir='ltr'>ubi</span> <span class='ocrx_word' id='word_1_114' title='bbox 1021 2678 1148 2761; x_wconf 86' lang='lat' dir='ltr'>densas</span> <span class='ocrx_word' id='word_1_115' title='bbox 1313 2683 1369 2764; x_wconf 88' lang='lat'>60</span> 
     </span>
     <span class='ocr_line' id='line_1_18' title="bbox 304 2815 1343 2930; baseline -0.004 -28"><span class='ocrx_word' id='word_1_116' title='bbox 304 2819 504 2930; x_wconf 88' lang='lat' dir='ltr'>Agricolae</span> <span class='ocrx_word' id='word_1_117' title='bbox 520 2819 705 2927; x_wconf 88' lang='lat' dir='ltr'>stringunt</span> <span class='ocrx_word' id='word_1_118' title='bbox 716 2817 878 2916; x_wconf 86' lang='lat' dir='ltr'>frondes,</span> <span class='ocrx_word' id='word_1_119' title='bbox 893 2815 971 2915; x_wconf 87' lang='lat' dir='ltr'>hic,</span> <span class='ocrx_word' id='word_1_120' title='bbox 982 2816 1122 2912; x_wconf 86' lang='lat' dir='ltr'>Moeri,</span> <span class='ocrx_word' id='word_1_121' title='bbox 1142 2841 1343 2916; x_wconf 79' lang='lat' dir='ltr'>canamus3</span> 
     </span>
    </p>

    <p class='ocr_par' dir='ltr' id='par_1_8' title="bbox 220 2955 1374 3486">
     <span class='ocr_line' id='line_1_19' title="bbox 220 2955 1314 3075; baseline -0.003 -33"><span class='ocrx_word' id='word_1_122' title='bbox 220 3068 223 3075; x_wconf 26' lang='grc' dir='ltr'>Ι</span> <span class='ocrx_word' id='word_1_123' title='bbox 304 2962 384 3042; x_wconf 92' lang='lat' dir='ltr'>Hic</span> <span class='ocrx_word' id='word_1_124' title='bbox 402 2959 544 3049; x_wconf 84' lang='lat' dir='ltr'>hoedos</span> <span class='ocrx_word' id='word_1_125' title='bbox 555 2959 713 3070; x_wconf 90' lang='lat' dir='ltr'>depone.</span> <span class='ocrx_word' id='word_1_126' title='bbox 746 2978 874 3040; x_wconf 89' lang='lat' dir='ltr'>tamen</span> <span class='ocrx_word' id='word_1_127' title='bbox 888 2958 1080 3040; x_wconf 86' lang='lat' dir='ltr'>veniemus</span> <span class='ocrx_word' id='word_1_128' title='bbox 1097 2956 1137 3038; x_wconf 90' lang='lat' dir='ltr'>in</span> <span class='ocrx_word' id='word_1_129' title='bbox 1156 2955 1314 3039; x_wconf 84' lang='lat' dir='ltr'>urbem:</span> 
     </span>
     <span class='ocr_line' id='line_1_20' title="bbox 305 3095 1294 3205; baseline -0.006 -27"><span class='ocrx_word' id='word_1_130' title='bbox 305 3101 389 3178; x_wconf 88' lang='lat' dir='ltr'>Aut</span> <span class='ocrx_word' id='word_1_131' title='bbox 405 3101 452 3197; x_wconf 70' lang='lat' dir='ltr'>fi,=</span> <span class='ocrx_word' id='word_1_132' title='bbox 463 3126 541 3178; x_wconf 83' lang='lat' dir='ltr'>nox</span> <span class='ocrx_word' id='word_1_133' title='bbox 559 3095 727 3205; x_wconf 90' lang='lat' dir='ltr'>pluviam</span> <span class='ocrx_word' id='word_1_134' title='bbox 746 3126 796 3180; x_wconf 85' lang='lat' dir='ltr'>ne</span> <span class='ocrx_word' id='word_1_135' title='bbox 816 3096 967 3205; x_wconf 82' lang='lat' dir='ltr'>colligat</span> <span class='ocrx_word' id='word_1_136' title='bbox 978 3112 1077 3197; x_wconf 87' lang='lat' dir='ltr'>ante,</span> <span class='ocrx_word' id='word_1_137' title='bbox 1095 3110 1294 3191; x_wconf 85' lang='lat' dir='ltr'>veremur;</span> 
     </span>
     <span class='ocr_line' id='line_1_21' title="bbox 307 3232 1285 3349; baseline -0.004 -31"><span class='ocrx_word' id='word_1_138' title='bbox 307 3242 506 3320; x_wconf 88' lang='lat' dir='ltr'>Cantantes</span> <span class='ocrx_word' id='word_1_139' title='bbox 525 3237 611 3319; x_wconf 86' lang='lat' dir='ltr'>licet</span> <span class='ocrx_word' id='word_1_140' title='bbox 624 3238 738 3349; x_wconf 90' lang='lat' dir='ltr'>usque</span> <span class='ocrx_word' id='word_1_141' title='bbox 758 3239 903 3349; x_wconf 90' lang='lat' dir='ltr'>(minus</span> <span class='ocrx_word' id='word_1_142' title='bbox 918 3237 979 3320; x_wconf 88' lang='lat' dir='ltr'>via</span> <span class='ocrx_word' id='word_1_143' title='bbox 989 3232 1128 3340; x_wconf 79' lang='lat' dir='ltr'>laedet)</span> <span class='ocrx_word' id='word_1_144' title='bbox 1143 3260 1285 3316; x_wconf 88' lang='lat' dir='ltr'>eamus.</span> 
     </span>
     <span class='ocr_line' id='line_1_22' title="bbox 306 3374 1374 3486; baseline -0.003 -26"><span class='ocrx_word' id='word_1_145' title='bbox 306 3383 505 3463; x_wconf 88' lang='lat' dir='ltr'>Cantantes</span> <span class='ocrx_word' id='word_1_146' title='bbox 524 3396 566 3457; x_wconf 93' lang='lat' dir='ltr'>ut</span> <span class='ocrx_word' id='word_1_147' title='bbox 576 3406 716 3476; x_wconf 86' lang='lat' dir='ltr'>eamus,</span> <span class='ocrx_word' id='word_1_148' title='bbox 731 3406 802 3486; x_wconf 90' lang='lat' dir='ltr'>ego</span> <span class='ocrx_word' id='word_1_149' title='bbox 815 3377 891 3460; x_wconf 89' lang='lat' dir='ltr'>hoc</span> <span class='ocrx_word' id='word_1_150' title='bbox 911 3395 948 3458; x_wconf 88' lang='lat' dir='ltr'>te</span> <span class='ocrx_word' id='word_1_151' title='bbox 962 3376 1058 3458; x_wconf 89' lang='lat' dir='ltr'>fasce</span> <span class='ocrx_word' id='word_1_152' title='bbox 1074 3374 1218 3457; x_wconf 87' lang='lat' dir='ltr'>levabo.</span> <span class='ocrx_word' id='word_1_153' title='bbox 1318 3378 1341 3457; x_wconf 90' lang='lat'>6</span> <span class='ocrx_word' id='word_1_154' title='bbox 1350 3393 1374 3485; x_wconf 78' lang='grc' dir='ltr'>ς’</span> 
     </span>
    </p>

    <p class='ocr_par' dir='ltr' id='par_1_9' title="bbox 127 3512 1376 3627">
     <span class='ocr_line' id='line_1_23' title="bbox 127 3512 1376 3627; baseline -0.013 -19"><span class='ocrx_word' id='word_1_155' title='bbox 127 3568 132 3574; x_wconf 88' lang='grc'><em>·</em></span> <span class='ocrx_word' id='word_1_156' title='bbox 307 3526 430 3606; x_wconf 79' lang='lat' dir='ltr'>Mon.</span> <span class='ocrx_word' id='word_1_157' title='bbox 463 3516 598 3597; x_wconf 88' lang='lat' dir='ltr'>Desme</span> <span class='ocrx_word' id='word_1_158' title='bbox 616 3518 735 3626; x_wconf 87' lang='lat' dir='ltr'>plura,</span> <span class='ocrx_word' id='word_1_159' title='bbox 770 3544 887 3627; x_wconf 85' lang='lat' dir='ltr'>puer:</span> <span class='ocrx_word' id='word_1_160' title='bbox 929 3533 979 3614; x_wconf 76' lang='lat' dir='ltr'>et,</span> <span class='ocrx_word' id='word_1_161' title='bbox 1014 3516 1120 3625; x_wconf 91' lang='lat' dir='ltr'>quod</span> <span class='ocrx_word' id='word_1_162' title='bbox 1137 3542 1238 3596; x_wconf 90' lang='lat' dir='ltr'>nunc</span> <span class='ocrx_word' id='word_1_163' title='bbox 1255 3512 1376 3612; x_wconf 89' lang='lat' dir='ltr'>instat,</span> 
     </span>
    </p>
   </div>
   <div class='ocr_carea' id='block_1_3' title="bbox 490 3661 670 3768">
    <p class='ocr_par' dir='ltr' id='par_1_10' title="bbox 490 3661 670 3768">
     <span class='ocr_line' id='line_1_24' title="bbox 490 3661 670 3768; baseline 0.006 -30"><span class='ocrx_word' id='word_1_164' title='bbox 490 3685 645 3768; x_wconf 84' lang='lat' dir='ltr'>agamus</span> <span class='ocrx_word' id='word_1_165' title='bbox 661 3661 670 3741; x_wconf 84' lang='lat' dir='ltr'>i</span> 
     </span>
    </p>
   </div>
   <div class='ocr_carea' id='block_1_4' title="bbox 308 3797 1347 3908">
    <p class='ocr_par' dir='ltr' id='par_1_11' title="bbox 308 3797 1347 3908">
     <span class='ocr_line' id='line_1_25' title="bbox 308 3797 1347 3908; baseline -0.001 -29"><span class='ocrx_word' id='word_1_166' title='bbox 308 3798 485 3881; x_wconf 85' lang='lat' dir='ltr'>Carmina</span> <span class='ocrx_word' id='word_1_167' title='bbox 505 3816 588 3880; x_wconf 89' lang='lat' dir='ltr'>tum</span> <span class='ocrx_word' id='word_1_168' title='bbox 607 3798 755 3895; x_wconf 87' lang='lat' dir='ltr'>melius,</span> <span class='ocrx_word' id='word_1_169' title='bbox 782 3827 873 3881; x_wconf 87' lang='lat' dir='ltr'>cum</span> <span class='ocrx_word' id='word_1_170' title='bbox 892 3798 1030 3881; x_wconf 86' lang='lat' dir='ltr'>venerit</span> <span class='ocrx_word' id='word_1_171' title='bbox 1042 3797 1131 3908; x_wconf 89' lang='lat' dir='ltr'>ipse,</span> <span class='ocrx_word' id='word_1_172' title='bbox 1157 3821 1347 3878; x_wconf 79' lang='lat' dir='ltr'>canemus.</span> 
     </span>
    </p>
   </div>
   <div class='ocr_carea' id='block_1_5' title="bbox 0 0 1489 5190">
    <p class='ocr_par' dir='ltr' id='par_1_12' title="bbox 0 0 1489 5190">
     <span class='ocr_line' id='line_1_26' title="bbox 0 0 1489 5190; baseline 0 0"><span class='ocrx_word' id='word_1_173' title='bbox 0 0 1489 5190; x_wconf 95' lang='lat' dir='ltr'> </span> 
     </span>
    </p>
   </div>
  </div>
 </body>
</html>
