2940 5190
256 400 308 493 -8
423 392 1112 511 ,1³..tv1120n'11Mmoms

272 587 356 671 Hic
375 585 516 671 alienus
533 615 620 669 ovea
639 587 764 683 custos
782 586 840 667 bis
856 587 1002 696 mulget
1019 587 1060 666 in
1076 583 1196 667 hora:
1319 612 1345 698 5

275 729 329 809 Et
343 728 472 810 succus
485 730 622 840 pecori,
638 749 677 811 et
692 731 751 810 lac
767 727 983 810 subducitur
999 729 1115 838 agnis.

269 870 366 959 Da·
389 871 538 951 Parcius
556 870 623 951 ista
635 872 722 953 viris
739 888 865 951 tamen
878 869 1087 978 objicienda
1104 883 1316 951 memento.

273 1007 467 1095 Novimus
488 1029 525 1091 et
543 1012 675 1120 quite,
702 1009 897 1094 transversa
913 1009 1102 1090 tuentibus
1119 1007 1247 1110 hircis,

274 1145 327 1225 Et
346 1148 514 1256 quo„sed
529 1149 669 1248 faciles,
684 1146 893 1257 Nymphae
911 1149 1030 1252 risere,
1048 1146 1194 1228 sacello.

274 1285 402 1369 Mau.
423 1291 546 1389 Tum,
562 1291 687 1387 credo,
703 1318 794 1371 cum
813 1317 877 1371 rne
895 1289 1089 1371 arbustum
1106 1288 1232 1370 videre
1248 1286 1344 1395 My-

445 1429 569 1528 conis,
1289 1457 1343 1513 ro

270 1570 403 1677 Atque
421 1571 521 1653 mala
538 1572 628 1654 vitea
645 1572 807 1654 incidere
825 1571 922 1653 falce
937 1570 1112 1656 novenas.

126 1804 137 1816 ἱ
273 1711 365 1819 DA.
381 1715 463 1793 Aut
475 1713 539 1794 hic
556 1716 603 1794 ad
611 1733 750 1795 veteres
765 1714 882 1824 fagos,
891 1743 983 1795 cum
990 1713 1203 1826 Daphnidis
1213 1739 1345 1796 arcum

271 1848 443 1960 Fregisti,
463 1872 501 1934 et
517 1855 703 1936 calamos:
721 1883 817 1964 quae
832 1875 886 1956 tu,
909 1856 1073 1965 perverse
1091 1854 1281 1952 Menalca,

269 1993 324 2075 Et
340 2021 433 2075 cum
449 1995 571 2077 vidisti
589 2024 705 2108 puero
723 1997 870 2095 donata,
889 1996 1060 2095 dolebam

269 2135 323 2216 Et
342 2136 371 2217 fi
390 2165 466 2217 non
483 2137 608 2248 aliqua
624 2137 819 2240 nocuisses,
839 2155 1011 2225 mortuus
1024 2137 1124 2221 effes.
1290 2163 1341 2246 ¹5

268 2275 397 2360 Mau.
413 2278 519 2388 Qid
535 2279 682 2362 domini
695 2277 844 2377 faciant,
859 2279 998 2360 audent
1014 2308 1107 2361 cum
1124 2275 1210 2360 talia
1221 2276 1346 2373 ,forest

267 2418 362 2504 Non
380 2447 451 2527 ego
463 2437 501 2500 te
519 2419 597 2500 vidi
610 2418 809 2518 Damonis,
830 2421 997 2529 peffrme,
1021 2426 1179 2532 caprum

267 2557 453 2667 Excipere
471 2557 621 2654 infidiis,
641 2556 809 2638 multum
825 2556 978 2639 latrante
990 2559 1172 2667 Lycisca?

238 2703 240 2710 “
266 2699 320 2779 Et
336 2726 429 2778 cum
443 2697 672 2780 clamarem:
704 2702 795 2809 Qu
806 2725 909 2779 nunc
926 2698 963 2780 se
982 2699 1138 2808 proripit
1155 2697 1219 2779 ille
1233 2701 1249 2781 ?

267 2837 414 2948 Tityre,
429 2867 524 2948 coge
542 2866 680 2949 pecus:
712 2856 754 2918 tu
768 2837 852 2950 post
869 2841 1012 2920 caresta
1028 2837 1177 2920 latebas.
1286 2866 1342 2922 20

171 3069 174 3076 ,
268 2979 357 3062 DA.
388 2980 455 3059 An
467 2976 565 3065 mihi
582 2977 766 3065 cantando
786 2978 905 3057 victus
920 2986 997 3059 non
1011 2978 1179 3061 redderet
1192 2977 1268 3077 ilie,

266 3119 396 3224 Qem
413 3145 497 3231 mea
515 3117 742 3199 carminibus
762 3117 949 3199 meruiffet
961 3117 1095 3218 fistula,
1110 3147 1265 3229 caprum
1282 3123 1297 3200 i

267 3258 305 3338 Si
323 3257 450 3354 nescis,
470 3286 576 3340 meus
590 3258 652 3340 ille
672 3285 782 3368 caper
799 3258 895 3341 fuit:
926 3278 965 3340 et
985 3258 1083 3342 mihi
1101 3262 1259 3343 Damon

266 3403 285 3481 1
287 3401 349 3509 pse
367 3400 575 3498 fatebatur;
606 3401 668 3481 sed
682 3399 835 3481 reddere
852 3399 952 3510 posse
978 3401 1147 3510 negabat.

265 3539 358 3622 Ma.
389 3541 587 3623 Cantando
613 3558 655 3621 tu
680 3539 820 3622 illum?
856 3558 920 3621 aut
939 3541 1110 3649 unquam
1130 3540 1198 3620 tibi
1221 3538 1343 3621 fistula

399 3742 400 3746 a
448 3710 533 3762 cera
1281 3710 1303 3762 2
1312 3712 1337 3794 5

265 3824 403 3928 juncta
422 3820 523 3903 fuit?
550 3845 629 3900 non
646 3817 741 3899 tuin
759 3818 886 3920 triviis,
902 3820 1064 3916 indocte,
1076 3816 1218 3913 solebas

265 3962 440 4044 Stridenti
460 3961 638 4041 miserum
655 3958 790 4068 stipula
815 3960 1021 4069 disperdere
1038 3965 1218 4043 carmen?

263 4108 354 4188 DA.
373 4103 442 4182 Vis
461 4129 549 4210 ergo
569 4102 662 4180 inter
675 4127 755 4196 nos,
768 4101 861 4208 quid
879 4102 988 4210 poffit
1000 4120 1168 4211 uterque,
1183 4101 1340 4183 viciffim

262 4245 541 4358 Experiamur?
562 4267 633 4350 ego
651 4237 749 4327 hanc
767 4241 925 4327 vitulam
947 4244 1014 4358 (ne
1024 4242 1125 4335 sorte
1140 4244 1295 4341 recuses,

1276 4384 1342 4464 Bis
