2940 5190
333 322 740 473 'Aruernos
793 370 920 465 er.
956 369 1040 466 ΙΙΙ.
1115 401 1208 501 ²05

140 584 246 668 Bello
273 596 463 663 armantur
490 577 607 687 equi,
642 574 788 656 bellum
817 571 912 656 haec
938 592 1106 659 armenta
1134 573 1212 656 rni-

327 741 475 806 nantur.
1125 716 1211 830 546

142 866 212 947 Sed
228 883 355 947 tamen
368 866 472 946 idem
488 860 583 944 olim
598 887 710 940 curru
729 856 923 939 succedere
940 857 1032 940 sueti

141 1003 425 1114 Qadrupedes,
448 1018 486 1081 et
507 1000 632 1080 fraena
650 1000 745 1106 jugo
759 995 958 1077 concordia
974 996 1093 1082 ferre:

140 1145 231 1253 Spes
247 1142 303 1223 est
320 1142 434 1252 pacis,
455 1139 517 1222 ait.
548 1155 634 1217 tum
651 1135 807 1217 numina
825 1133 947 1214 anua
963 1164 1160 1245 precamur

140 1279 301 1362 Palladis
315 1277 531 1373 armisonae,
544 1300 640 1384 quae
651 1274 774 1383 prima
788 1273 930 1381 aceepit
947 1291 1108 1375 ovantes,

141 1398 195 1500 Et
210 1419 330 1528 capita
348 1436 432 1498 ante
450 1443 528 1497 aras
540 1413 711 1523 Phrygio
719 1411 887 1495 velamur
903 1412 1058 1512 amictu,
1124 1442 1181 1527 54
1186 1443 1211 1534 ς

141 1557 424 1667 Praeceptisque
442 1554 596 1654 Heleni,
617 1554 766 1635 dederat
778 1579 875 1662 quae
891 1553 1071 1656 maxima,
1090 1555 1158 1639 rite

143 1695 285 1802 Junoni
302 1697 465 1804 Argivae
477 1694 592 1804 jussos
610 1693 804 1776 adolemus
815 1690 986 1774 honores.

139 1835 260 1915 Haud
277 1863 404 1932 mora,
436 1835 616 1916 continuo
630 1834 801 1944 perfectis
815 1833 944 1916 ordine
967 1835 1073 1933 votis.

141 1974 294 2055 Cornua
310 1974 515 2055 velatarum
536 1973 766 2054 obvertimus
785 1991 1043 2073 antennarum,
1216 1966 1218 1970 ’

143 2113 477 2220 Grajugenumque
484 2111 633 2209 domos,
647 2112 889 2218 suspectaque
904 2109 1108 2218 linquimus
1116 2144 1213 2207 arva.

144 2251 251 2331 Hinc
268 2251 366 2332 finus
376 2250 567 2347 Herculei,
585 2250 613 2329 fi
628 2276 714 2330 vera
728 2248 781 2329 est
791 2246 904 2342 fama,
914 2250 1069 2331 Tarenti
1132 2285 1156 2365 5
1164 2284 1214 2366 5¹

144 2393 332 2491 Cernitur,
356 2389 491 2471 attollit
509 2391 546 2471 se
560 2390 645 2471 diva
658 2388 810 2470 Lacinia
830 2407 971 2487 contra,

142 2533 395 2643 Caulonisque
412 2560 525 2634 arces,
543 2550 583 2615 et
594 2532 827 2640 navifragum
839 2533 1093 2640 Scylacaeum.
1214 2528 1217 2533 ’

144 2678 255 2757 Turn
272 2673 405 2784 procul
423 2702 445 2755 e
464 2676 582 2756 fluctu
597 2675 792 2756 Trinacria
809 2675 969 2756 cernitur
986 2679 1123 2778 Aetna,
1170 2694 1178 2707 '

144 2817 197 2896 Et
214 2816 401 2924 gemitum
420 2819 612 2924 ingentem
629 2814 763 2924 pelagi,
781 2812 994 2923 pulsataque
1011 2818 1095 2898 saxa
1126 2847 1149 2929 ς
1158 2850 1180 2931 5
1188 2850 1210 2935 ς

145 2957 338 3038 Audimus
356 2957 479 3066 longe,
497 2957 701 3064 fractasque
717 2955 763 3034 ad
783 2954 889 3033 litora
901 2983 1032 3038 voces:

143 3093 400 3202 Exultantque
415 3094 520 3193 vada,
540 3114 651 3202 atque
668 3092 771 3173 aestu
788 3093 986 3175 miscentur
1006 3123 1146 3181 arenae.

145 3239 197 3318 Et
215 3256 316 3347 pater
332 3236 536 3320 Anchises:
567 3236 751 3318 nimirum
763 3234 856 3316 haec
874 3235 937 3317 illa
953 3237 1186 3348 Charybdis:

146 3379 231 3461 Hos
247 3380 416 3459 Helenus
437 3377 620 3490 scopulos,
643 3376 735 3458 haec
754 3375 838 3457 saxa
855 3374 1039 3461 horrenda
1050 3381 1216 3464 canebat

145 3522 302 3632 Eripite,
318 3551 342 3602 0
359 3520 461 3619 socii,
480 3523 689 3631 pariterque
703 3519 881 3628 insurgite
894 3523 1018 3604 remis.
1129 3528 1215 3634 560

148 3661 267 3741 Haud
289 3663 414 3744 minus
436 3689 480 3742 ac
492 3662 578 3770 jussi
597 3658 763 3741 faciunt:
792 3660 1010 3768 primusque
1020 3638 1218 3743 rudentem

147 3800 335 3879 Contorfit
351 3802 469 3882 laevas
491 3829 642 3909 proram
655 3799 852 3880 Palinurus
866 3797 913 3876 ad
930 3798 1060 3882 undas.

146 3941 312 4020 Laevam
333 3944 467 4019 cuneta
486 3939 620 4021 cohors
637 3936 749 4018 remis
761 3934 950 4044 ventisque
969 3937 1111 4046 petivit.

148 4078 342 4158 Tollimur
360 4080 399 4157 in
419 4078 570 4160 coelum
593 4093 746 4159 curvato
762 4073 922 4184 gurgite,
941 4092 979 4155 et
997 4075 1102 4162 idem

150 4215 339 4299 Subducta
358 4215 405 4298 ad
424 4241 552 4303 manes
571 4219 668 4298 imos
686 4213 944 4308 descendimus
965 4213 1078 4303 unda.
1134 4217 1188 4324 56
1195 4240 1219 4325 ς

1145 4355 1186 4432 T
1185 4379 1225 4433 er
