2940 5190
342 358 870 460 Grouetcr.Lre.
906 359 989 456 IV.
1071 324 1227 465 rar

134 570 271 656 Tende
311 585 437 680 petens
476 590 622 675 pacem,
663 579 702 643 et
742 560 866 645 faciles
905 589 1077 645 venerare
1115 564 1201 646 Na·

288 733 317 788 s·
577 727 584 735 ..

136 734 319 953 Nadraddre
335 841 478 921 dabunt
493 838 643 921 veniam
655 835 764 938 votis,
784 835 939 946 irasque
955 729 1167 925 remitteust.3
1176 726 1202 814 ς

139 985 224 1087 Sed,
257 982 392 1064 modus
413 979 541 1061 orandi
560 978 627 1086 qui
646 977 701 1076 fit,
729 977 829 1086 prius
847 977 976 1060 ordine
992 981 1131 1064 dicam.

102 1108 107 1123 ⁸
139 1125 311 1230 Qatuor
329 1119 487 1201 eximios
505 1115 701 1227 praestanti
717 1143 872 1225 corpore
889 1135 1024 1215 tauros,

140 1264 221 1368 Qui
238 1264 306 1343 tibi
324 1287 424 1342 nunc
448 1258 573 1340 viridis
590 1258 790 1367 depascunt
809 1257 956 1339 summa
968 1259 1120 1368 Lycaei,

142 1401 292 1509 Delige‚
323 1417 360 1480 et
377 1401 512 1478 intada
534 1397 692 1478 totidem
713 1397 854 1477 cervice
870 1399 1058 1505 juvencas.
1121 1425 1208 1511 540

101 1540 105 1547 ’
143 1543 314 1650 Qatuor
333 1536 392 1618 his
411 1565 489 1618 aras
506 1536 578 1618 alta
589 1537 637 1616 ad
650 1536 804 1617 delubra
816 1539 971 1620 dearum

143 1679 350 1775 Constitue,
381 1695 419 1759 et
435 1679 580 1759 sacrum
589 1677 729 1787 jugulis
746 1678 900 1760 demitte
920 1710 1105 1776 cruorem,

145 1823 386 1929 Corporaque
403 1818 479 1928 ipsa
498 1818 618 1898 boum
640 1816 816 1899 frondoso
836 1818 957 1900 desere
976 1821 1077 1912 luco,

146 1958 247 2053 Post,
279 1958 345 2037 ubi
364 1985 463 2037 nona
478 1957 560 2036 suos
578 1934 709 2037 aurora
728 1955 925 2037 ostenderit
945 1979 1058 2061 ortus,

147 2097 301 2178 Inferias
319 2093 465 2204 Orphei
484 2094 647 2175 Lethaea
661 2123 840 2203 papavera
857 2096 993 2194 mittes,
1127 2123 1211 2210 545

38 2236 40 2247 '
149 2234 341 2317 Placatam
358 2232 571 2340 Eurydicen
588 2232 702 2312 vitula
720 2232 936 2314 venerabere
959 2237 1072 2333 caesa,

150 2377 202 2455 Et
221 2375 366 2480 nigram
384 2371 562 2453 mactabis
579 2397 703 2464 ovem,
734 2370 938 2481 lucumque
956 2375 1098 2460 revises.

152 2516 267 2598 Haud
285 2541 414 2594 mora:
446 2513 624 2593 continuo
639 2512 767 2593 matris
788 2516 1155 2625 praeceptafacesstt:

154 2655 219 2736 Ad
236 2652 391 2734 delubra
409 2650 535 2748 venit;
566 2650 783 2731 monstratas
802 2652 937 2732 excitat
952 2682 1050 2753 aras;

153 2799 325 2902 Qatuor
341 2792 498 2871 eximios
516 2790 709 2900 praestanti
727 2818 881 2899 corpore
898 2809 1020 2872 tauros
1134 2819 1157 2902 5
1165 2821 1218 2901 30

156 2931 287 3026 Ducit,
319 2947 355 3008 et
375 2930 510 3008 intaeta
528 2928 686 3008 totidem
703 2929 845 3008 cervice
855 2929 1042 3036 juvencas.

157 3069 258 3165 Post,
288 3066 353 3146 ubi
370 3094 468 3147 nona
485 3067 567 3147 suos
581 3095 709 3147 aurora
728 3065 922 3147 induxerat
939 3085 1066 3150 ortus:

158 3210 310 3293 Inferias
328 3207 471 3317 Orphei
489 3210 614 3306 mittit,
645 3208 848 3315 lucumque
867 3210 996 3288 revifit.

160 3349 237 3428 Hic
256 3374 343 3427 vero
361 3347 538 3449 subitum,
570 3376 613 3428 ac
631 3348 734 3426 didtu
754 3347 935 3447 mirabile,
968 3345 1181 3430 monstrum

162 3486 386 3596 Aspiciunt;
418 3484 615 3595 liquefadta
634 3486 752 3567 boum
773 3514 838 3595 per
856 3487 989 3568 viscera
1002 3505 1081 3568 toto
1139 3516 1162 3598 ς
1169 3515 1192 3597 5
1199 3515 1224 3598 5

163 3626 319 3704 Stridere
336 3651 421 3732 apes
439 3644 556 3724 utero,
589 3643 625 3704 et
643 3626 758 3735 ruptis
775 3624 948 3707 effervere
967 3628 1088 3724 costis,

162 3760 439 3870 immensasque
455 3764 551 3844 trahi
573 3764 689 3876 nubes
698 3803 709 3860 3
733 3767 889 3870 jamque
906 3764 1034 3844 arbore
1052 3764 1199 3843 summa

164 3896 374 4000 confluere,
406 3917 443 3982 et
462 3903 567 4012 lentis
584 3930 697 3985 uvam
715 3900 909 3984 demittere
927 3902 1049 3987 ramis.
