2940 5190
364 361 736 514 insessos.
783 369 992 512 nnn.
1112 400 1206 539 '17⁷

133 630 195 709 Ac
214 621 328 706 veluti
342 623 498 704 summis
510 592 705 730 antiquam
725 622 765 703 in
784 621 975 702 montibus
995 642 1134 702 ornum

133 770 238 849 Cum
256 762 354 845 serto
370 764 528 844 accisam
543 761 753 887 crebrisque
770 760 995 870 bipennibus
1008 748 1144 842 instant

131 911 271 990 Emere
288 878 486 1015 agricolae
490 904 685 1000 certatim3
716 901 779 983 illa
799 902 915 1013 usque
928 900 1103 1003 minatur

129 1035 182 1130 'Et
200 1048 416 1132 tremefacta
434 1073 587 1127 comam
605 1042 780 1126 concusso
799 1046 933 1127 vertice
951 1064 1083 1145 nutat3

128 1188 354 1270 Vulneribus
367 1186 487 1267 donec
497 1182 693 1295 paullatim
702 1185 821 1265 encta
833 1185 1053 1295 supremum
1115 1174 1201 1298 630

129 1327 373 1436 Congemuit,
393 1323 584 1433 traxitque·
589 1324 689 1432 jugis
699 1323 819 1406 avolsa
828 1312 989 1428 ruinam}
1200 1298 1204 1307 Ι

130 1468 341 1563 Descendo,
361 1493 404 1545 ac
422 1466 582 1546 ducente
596 1465 669 1547 deo
682 1463 881 1547 flammam
900 1456 995 1549 inter
1008 1484 1046 1550 et
1074 1465 1201 1553 hostes

129 1606 333 1717 Expedior.
365 1608 455 1688 dant
471 1606 544 1689 tela
565 1607 707 1704 locum,
726 1605 977 1718 flammaeque
993 1612 1183 1700 recedunt.
1201 1584 1204 1589 Ι

129 1747 265 1859 Atque
282 1748 374 1829 ubi
359 1777 442 1857 jam
460 1749 597 1859 patriae
613 1767 835 1859 perventum
852 1750 899 1830 ad
910 1748 1041 1834 limina
1054 1752 1167 1853 sedis,

129 1892 388 2003 Antiquusque
426 1888 592 1988 domos3
636 1890 794 1999 genitor,
839 1920 958 2002 quem
993 1876 1201 1979 tollerein

313 2033 406 2114 altos
1110 2041 1135 2119 6
1141 2066 1163 2149 3
1173 2063 1198 2150 5

125 2177 317 2287 Optabam
331 2172 501 2283 primum
518 2190 680 2269 montes,
699 2148 943 2284 primumque
963 2175 1152 2285 petebam,

127 2314 305 2424 Abnegat
322 2313 442 2393 excisa
459 2313 576 2392 vitam
592 2311 799 2422 producere
816 2315 934 2422 Troja

128 2455 375 2564 Exiliumque
400 2453 489 2564 pati.
520 2454 601 2534 Vos
626 2481 662 2553 o,
689 2453 850 2562 quibus
840 2472 982 2565 mteger
999 2454 1080 2535 aevi
1198 2434 1211 2559 Ἰ

129 2596 296 2704 Sanguis,
315 2594 378 2690 ait,
398 2592 608 2703 solidaeque
625 2593 692 2675 suo
712 2592 807 2675 stant
826 2595 958 2677 robore
973 2580 1080 2694 vires,

127 2736 210 2817 Vos
228 2737 362 2845 agitate
381 2733 543 2842 fugam·
1113 2714 1204 2841 646

127 2875 200 2955 Me
220 2873 248 2952 fi
267 2871 465 2954 coelicolae
478 2869 673 2953 voluissent
683 2874 818 2954 ducere
830 2874 960 2970 vitam
1023 2892 1038 2907 ·‘
1063 2972 1066 2979 Ι

127 3014 211 3096 Has
231 3011 329 3094 mihi
349 3011 540 3094 servassent
557 3012 669 3096 sedes.
700 3014 782 3094 satis
798 3042 873 3094 una
888 3015 1071 3145 superque

125 3152 304 3233 Vidimus
321 3150 478 3251 excidia,
497 3169 536 3233 et
547 3171 675 3260 captae
692 3150 945 3264 superavimus
963 3136 1059 3237 urbi.

128 3293 201 3395 Sic,
221 3322 246 3374 o
264 3292 313 3374 fic
328 3291 491 3402 pofitum
506 3289 609 3373 affati
629 3289 803 3373 discedite
816 3318 962 3402 corpus.

128 3433 210 3543 Ipse
222 3462 339 3514 manu
346 3452 511 3513 mortem
522 3429 722 3514 inveniam.
738 3427 1102 3529 miserebimrbostis,
1113 3429 1168 3537 64
1174 3420 1215 3547 ξι

128 3571 362 3681 Exuviasque
375 3591 487 3683 petet
521 3571 661 3679 facilisj
663 3574 788 3652 actura
801 3569 970 3680 sepulcri

128 3710 379 3821 Jampridem,
398 3712 534 3792 invisus
551 3709 645 3790 d1v1s
656 3728 694 3790 et
707 3708 860 3805 inutilis,
872 3733 989 3790 annos
1186 3792 1197 3805 ,¹

128 3851 342 3949 Demoror3
330 3878 407 3931 ex
425 3881 503 3962 quo
519 3879 584 3933 me
598 3851 731 3934 divum
750 3868 854 3961 pater
872 3865 985 3958 atque
999 3820 1204 3975 hominum¹

316 4015 383 4068 rex
475 4012 478 4017 ·

128 4125 321 4208 Fulminis
339 4127 478 4210 afflavit
491 4130 625 4234 ventis,
644 4130 852 4241 etqontigit
871 4122 962 4240 igni.

128 4262 239 4348 Talia
262 4267 446 4378 perstabat
458 4297 684 4372 memorans
704 4254 874 4387 fixusque
891 4265 1079 4359 manebat.
1112 4265 1137 4347 6
1144 4290 1200 4372 ςο

693 4411 737 4497 N
1120 4402 1205 4484 Nos
