2940 5190
365 336 731 430 Gnoso-reru
767 335 901 428 Lrs.
934 336 1019 430 111.
1160 336 1223 463 85

154 535 242 617 Nec
261 534 380 618 vescas
396 538 550 624 salicum
566 537 728 635 frondes,
742 534 943 646 ulvamque
958 535 1174 647 palustrem,
1198 586 1210 597 u
1229 591 1233 598 -

155 675 420 770 Sedfiumenta
433 706 552 759 manu
560 704 687 787 carpes
703 676 795 787 sata:
826 678 972 756 nectibi
983 677 1121 776 foetae,
1129 681 1217 788 -176

151 816 266 898 More
283 836 446 929 paumn,
468 822 576 900 nivea
589 818 801 928 implebunt
815 818 1023 901 muldtralia
1037 845 1185 916 vaccae,
1229 870 1232 875 -

154 954 226 1036 Sed
243 973 320 1036 tota
334 958 375 1037 in
389 957 516 1039 dulces
533 956 752 1037 consument
761 954 875 1035 ubera
889 974 1006 1039 natos.

153 1093 218 1180 sin
235 1093 284 1176 ad
301 1093 397 1175 bella
414 1095 533 1205 magis
553 1068 732 1191 studium,
746 1092 959 1202 turmasque
973 1094 1129 1195 seroces,

153 1235 236 1314 Aut
253 1233 404 1343 Alphea
421 1237 507 1314 rotis
524 1233 685 1344 praelabi
707 1232 864 1313 flumina
880 1233 996 1332 Pisae,
1135 1232 1219 1318 180

154 1373 208 1477 Et
223 1374 327 1481 Jovis
345 1375 383 1454 in
402 1374 488 1454 luco
504 1402 629 1457 currus
649 1375 785 1481 agitare
810 1371 997 1470 volantes;

155 1513 305 1594 Primus
327 1516 415 1623 equi
432 1514 534 1596 labor
551 1515 617 1614 est,
639 1516 783 1596 animos
801 1531 913 1624 atque
929 1536 1041 1596 asam
1053 1513 1179 1595 videre

146 1651 382 1750 *Bellantum
400 1654 581 1763 lituosque
597 1656 686 1767 pati,
707 1657 902 1762 uastoque
917 1672 1133 1763 gementem

155 1794 267 1875 Ferre
285 1816 418 1894 rotam,
438 1816 475 1877 et
493 1797 638 1879 stabulo
656 1797 781 1878 frenos
798 1796 925 1878 audire
941 1795 1120 1877 sonantes.

157 1935 267 2016 Tum
283 1938 401 2048 aragia
416 1958 526 2047 atque
543 1941 663 2048 magis
682 1938 828 2018 blandis
844 1939 1003 2046 gaudere
1016 1934 1184 2045 magistri

157 2076 361 2177 Laudibus,
381 2096 419 2158 et
435 2079 581 2188 plausae
600 2078 763 2157 sonitum
781 2079 933 2158 cervicis
945 2104 1082 2158 amare.
1139 2073 1221 2158 186

160 2215 287 2322 Atque
304 2214 397 2296 haec
409 2219 491 2323 jam
509 2217 633 2324 primo
653 2215 826 2324 depulsus
839 2216 886 2293 ab
906 2215 1020 2294 ubere
1037 2213 1165 2292 matris

137 2370 142 2381 '
161 2352 313 2451 Audiat,
327 2354 441 2460 inque
458 2354 581 2432 vicem
600 2354 663 2432 det
680 2351 859 2432 mollibus
874 2379 939 2431 ora
951 2349 1116 2461 capistris

160 2491 362 2592 Invalidus,
378 2511 416 2574 et
430 2494 586 2603 jamque
598 2511 775 2593 tremens,
793 2511 831 2573 et
843 2495 925 2602 jam
937 2492 1070 2573 inscius
1082 2489 1176 2575 aevi.
1224 2466 1229 2471 Ι

160 2630 226 2732 At,
244 2634 527 2731 tribus'exadtis,
548 2638 614 2717 ubi
631 2654 761 2745 quarta
780 2634 964 2717 accerserit
980 2633 1108 2730 aestas,
1143 2659 1222 2744 190

158 2774 318 2886 Carpere
340 2802 433 2853 mox
450 2801 586 2882 gyrum
602 2776 766 2883 incipiat,
788 2774 1032 2882 gradibusque
1051 2772 1177 2851 sonare

160 2910 398 3021 Compofitis,
412 2910 603 3018 sinuetque
616 2911 754 2992 alterna
773 2911 966 2990 volumina
977 2933 1156 3002 crurum,-

161 3022 289 3158 Sitque
307 3048 485 3130 laboranti
503 3049 656 3133 fimilis:
689 3069 773 3131 tum
787 3049 951 3131 curfibus
964 3074 1070 3128 auras
1117 3094 1120 3099 ·
1221 3134 1226 3143 ¹

160 3191 352 3286 Provocet,
369 3216 416 3268 ac
435 3217 501 3299 per
516 3207 640 3300 aperta
658 3190 797 3288 volans,
814 3216 886 3271 ceu
902 3187 995 3270 liber
1012 3182 1178 3282 habenis,
1221 3232 1225 3239 ·

160 3334 352 3439 Aequora,
371 3331 595 3411 vixsmnma
611 3331 761 3440 uestigia
778 3334 893 3440 ponat
903 3357 1039 3411 arena:
1071 3374 1073 3380 ·
1142 3350 1223 3435 195

162 3469 294 3578 Qalis
306 3470 563 3579 Hyperboreis
575 3471 719 3579 Aquilo
736 3469 975 3552 cumdensus
991 3468 1039 3549 ab
1055 3464 1129 3544 oris
1221 3514 1225 3521 -

163 3609 352 3708 incubuit,
372 3609 618 3719 Scythiaeque
637 3609 792 3718 hyemes
808 3627 920 3718 atque
933 3599 1171 3688 arida-differt
1221 3656 1225 3661 -

161 3746 329 3830 Nubilat
348 3766 432 3830 tum
448 3749 584 3858 segetes
596 3748 688 3829 altae
705 3748 906 3858 campique
923 3764 1087 3827 natantes

162 3887 329 3967 Lenibus
341 3887 558 3970 horrescunt
571 3887 708 3987 flabris,
728 3888 972 3994 summaeque
986 3885 1158 3973 sonorem
1184 3934 1192 3939 ··

163 4022 269 4108 Dant
286 4025 418 4134 sylvae,
440 4025 618 4138 longique
634 4043 769 4136 urgent
786 4026 833 4109 ad
852 4024 959 4106 litora
972 4024 1118 4111 fluetus.
1143 4052 1228 4111 200

125 4233 128 4237 ⁷
165 4160 236 4249 Ille
256 4163 370 4269 volat,
387 4165 497 4253 timu
514 4194 600 4251 arva
615 4165 721 4276 suga,
739 4165 850 4251 simul
866 4193 1026 4276 aequora
1044 4196 1223 4252 verrens·

584 4306 763 4419 »Gs
1158 4303 1379 4408 ms.
