2940 5190
254 295 349 395 881]
456 295 1107 396 P.''Vrnorn11Msnorsrs

252 499 442 598 Flumina,
460 517 659 609 ,correptos
678 500 780 579 unda
794 501 1004 607 torquentia
1020 519 1182 595 montes.
1300 490 1308 514 ⁵

254 637 338 751 lpse
358 638 444 737 ruit,
475 638 674 746 dentesque
688 636 886 719 Sabellicus
902 640 1053 719 exacuit
1068 640 1140 736 sus,
1236 661 1258 718 2
1267 663 1289 744 5
1297 653 1330 745 ς’

255 784 309 867 Et
325 779 419 891 pede
436 777 639 890 prosubigit
655 796 804 874 terram,
835 776 942 859 fricat
956 760 1086 862 arbore
1103 777 1232 873 costas,

257 925 389 1031 Atque
405 917 495 1000 hinc
514 937 625 1034 atque
642 916 745 1000 illinc
764 916 941 999 humeros
959 918 1007 999 ad
1024 916 1305 1000 vulnera-durat.

258 1061 365 1161 Quid
375 1058 534 1167 juvenis,
564 1084 749 1165 magnum
763 1056 824 1138 cui
842 1056 1021 1138 versatio
1036 1056 1175 1139 offibus
1187 1054 1327 1163 ignem

260 1205 391 1287 Durus
409 1204 544 1283 amor?
574 1197 892 1307 nempe-abruptis
909 1196 1053 1279 turbata
1070 1193 1240 1308 procellis
1260 1230 1267 1281 τ

261 1337 720 1427 Nouenatatcaecaserus
733 1335 1089 1448 sreurqucmsuper
1101 1333 1354 1446 mgens260‚·

263 1481 377 1566 Porta
390 1474 620 1570 tonat-,coeli
641 1493 685 1564 ,et
702 1474 859 1584 scopulis
871 1474 964 1556 illisa
981 1475 1186 1559 reclamant

264 1621 463 1727 Aequorea
493 1643 563 1697 nec
580 1614 702 1700 miseri
719 1613 865 1726 possunt
884 1642 1055 1699 revocare
1072 1630 1251 1727 parentes,

264 1758 353 1849 Nec
370 1756 550 1839 moritura
566 1753 671 1861 super
688 1752 829 1834 crudeli
842 1749 974 1837 sunere
992 1753 1111 1864 virgo.

148 1896 152 1903 ’
236 1902 240 1908 ’
265 1895 533 2001 QridLynces
541 1889 679 1980 Bacchi
696 1893 827 1992 variae,
860 1910 897 1972 et
913 1914 1127 2001 genusa'crc
1138 1889 1338 1999 luporum,

267 2026 1332 2142 Atquecanum?quid,quaeimbellesdantpraeliacervi?

266 2172 651 2259 Scilicetanteomnes
659 2170 763 2255 furor
777 2170 831 2252 est
845 2170 994 2279 insignis
1008 2196 1211 2281 equarum:-
1246 2168 1331 2248 266

266 2314 504 2409 Etmentcm
518 2313 647 2396 Venus
658 2311 735 2422 ipsa
747 2310 861 2408 dedit,
892 2340 970 2421 quo
986 2328 1156 2422 ternpore
1166 2302 1305 2386 Glauci
1331 2331 1335 2339 ·

266 2452 464 2537 Potniades
480 2426 588 2531 mallis
606 2451 777 2531 membra
794 2451 1027 2561 absumpsere
1044 2447 1257 2558 quadrigae.

267 2591 356 2681 Illas
372 2589 475 2671 ducit
488 2617 595 2669 amor
612 2606 710 2670 tram
721 2592 898 2696 Gargara,
928 2590 1098 2700 transque
1117 2589 1307 2669 sonantem
1330 2628 1337 2652 ι

268 2726 491 2820 Ascanium:
510 2725 844 2837 superantmontes,
858 2726 1227 2808 etfluminatranant.
1250 2751 1334 2836 270

267 2869 536 2977 Continuoque
554 2866 668 2957 avidis
688 2867 754 2947 ubi
774 2866 916 2953 subdita
931 2865 1086 2954 flamrm
1103 2862 1276 2946 medullis

257 3003 369 3100 ,Vere
387 3005 506 3110 magis
524 3004 631 3111 (quia
651 3031 736 3084 vere
752 3001 854 3087 calor
871 3003 965 3092 redit
982 3002 1135 3107 offibus)
1154 3001 1238 3083 illae

271 3146 351 3224 Ore
368 3170 498 3222 omnes
516 3143 634 3223 versae
651 3142 691 3222 in
707 3143 929 3253 zephyrum,
962 3143 1057 3225 stant
1074 3144 1227 3254 rupibus
1238 3140 1338 3236 altis,

270 3286 554 3391 Exceptantque
571 3283 668 3369 leves
684 3312 812 3366 auras:
844 3306 882 3366 et
900 3286 1004 3396 saepe
1022 3279 1096 3366 fine
1115 3285 1199 3373 ullis
1241 3338 1245 3345 -

272 3423 479 3530 Conjugiis,
512 3442 621 3514 vento
639 3426 808 3530 gravidae
828 3425 1017 3534 (mirabile
1033 3425 1155 3530 dictu)
1252 3452 1307 3537 27
1314 3453 1337 3532 5

273 3565 370 3644 Saxa
388 3588 453 3672 per
473 3578 510 3640 et
525 3559 693 3671 scopulos
712 3580 749 3642 et
765 3563 944 3674 depressas
961 3565 1146 3646 convalles

272 3699 514 3810 Diffugiuntr
546 3729 636 3799 non,
666 3730 777 3802 eure,-
798 3721 909 3799 tuos,
925 3733 1046 3812 neque
1062 3705 1144 3784 solis
1162 3701 1209 3782 ad
1224 3683 1341 3781 ortus,
1359 3730 1382 3756 -,

273 3841 321 3924 ln
337 3841 502 3939 boream,
532 3863 865 3952 caummque,-aut
880 3846 977 3924 unde
990 3845 1210 3954 nigerrimus
1223 3841 1343 3926 auster

274 3974 461 4075 Nascitur,
491 3995 528 4057 et
541 3979 674 4087 pluvio
691 3981 879 4061 contristat
896 3981 1033 4091 frigore
1045 3983 1207 4065 coelum.
1224 4044 1227 4049 -
1253 4008 1342 4093 27⁹

275 4113 355 4209 Hic
368 4113 538 4222 demum,
553 4119 817 4237 Hippomanes
829 4149 916 4207 vero
931 4126 1034 4236 quod
1046 4125 1201 4218 nomine
1215 4123 1346 4204 dicunt

1164 4262 1343 4361 Pastores,
