2940 5190
339 404 981 502 Buconrcn.Ecn.V.
1142 438 1202 515 17

131 607 258 692 ΜΕΝ.
289 609 385 691 Tale
403 628 515 691 tuum
531 635 681 688 carmen
700 607 818 703 nobis,
836 604 962 686 divine
971 611 1095 715 posta,
1139 636 1165 715 4
1174 636 1198 718 ς

131 751 255 861 Qale
272 750 380 862 sopor
397 751 494 832 feffis
512 750 550 828 in
566 748 754 859 gramine:
784 747 893 855 quale
918 774 984 857 per
1000 745 1141 827 aestum

130 892 268 975 Dulcis
286 921 404 1001 aquae
422 892 570 973 saliente
591 891 690 969 sitim
706 887 928 995 restinguere
943 889 1034 969 rivo.

131 1028 219 1109 Nec
236 1027 389 1110 calamis
403 1026 525 1108 solum
535 1026 765 1134 aequiparas,
784 1023 845 1103 sed
862 1051 955 1104 voce
968 1025 1200 1134 magistrum.

129 1148 335 1249 Fortunate
357 1195 462 1277 puer,
482 1182 524 1246 tu
543 1193 643 1244 nunc
656 1165 727 1244 eris
743 1162 839 1243 alter.
849 1164 897 1243 ab
911 1163 989 1248 illo.

130 1304 352 1388 Nostamen
360 1303 454 1386 haec
463 1329 705 1412 quocumque
713 1301 830 1381 modo
840 1300 907 1381 tibi
916 1301 1038 1383 nostra
1046 1301 1203 1383 viciffim

133 1444 343 1526 Dicemus:
363 1441 618 1552 Daphninque
636 1460 746 1523 tuum
757 1439 932 1531 tollemus
939 1440 988 1523 ad
1005 1439 1122 1526 astra:
1146 1470 1197 1553 51

129 1580 321 1692 Daphnin
354 1583 402 1662 ad
435 1581 529 1664 astra
558 1582 748 1663 feremus:
787 1583 925 1661 amavit
954 1610 1022 1663 nos
1052 1613 1205 1694 quoque

323 1719 508 1831 Daphnis.

133 1856 250 1942 Mor.
281 1861 347 1941 An
364 1863 569 1972 quicquam
588 1859 695 1940 nobis
712 1860 775 1941 tali
790 1861 834 1943 stt
854 1888 1011 1944 munere
1024 1864 1172 1973 majus?

132 2000 187 2079 Et
206 2027 298 2108 puer
316 2001 392 2111 ipse
409 1998 483 2083 suit
499 2003 637 2084 cantari
655 2001 817 2107 dignus:
849 2021 886 2082 et
898 2004 965 2082 ista

131 2138 369 2249 Jampridem
382 2142 562 2222 Stimicon
582 2139 745 2219 laudavit
763 2141 928 2220 carmina
949 2141 1068 2223 nobis.
1149 2170 1171 2251 5
1180 2170 1203 2253 ς

134 2276 264 2362 Mun.
295 2277 486 2358 Candidus
498 2280 685 2358 insuetum
702 2277 856 2355 miratur
873 2278 990 2357 limen
1005 2278 1176 2387 Olympi,

133 2416 213 2496 Sub
231 2416 462 2526 pedibusque
480 2416 579 2496 videt
594 2414 714 2496 'nubes
734 2432 772 2495 et
788 2412 904 2496 fidera
918 2415 1106 2527 Daphnis.

135 2557 239 2664 Ergo
255 2530 383 2637 alueris
396 2554 524 2663 sylvas,
543 2573 580 2636 et
597 2572 740 2634 caetera
756 2581 839 2635 rura
854 2554 1036 2664 voluptas,

137 2695 325 2805 Panaque,
343 2694 576 2804 pastoresque
590 2711 704 2793 tenet,
727 2695 968 2803 Dryadasque
981 2694 1133 2805 puellas.

133 2834 224 2915 Nec
238 2833 347 2944 lupus
364 2835 509 2918 infidias
522 2836 661 2944 pecori,
676 2859 746 2912 nec
763 2834 853 2914 retia
867 2836 982 2913 cervis
1145 2837 1201 2914 60

136 2972 228 3053 Ulla
241 2973 373 3055 dolum
387 2973 631 3055 meditantur:
663 2988 764 3052 amau
780 2972 902 3052 bonus
919 2972 993 3051 otia
1006 2966 1190 3080 Daphnis.

137 3112 214 3222 Ipfi
233 3112 369 3195 laetitia
385 3140 494 3194 voces
511 3115 559 3194 ad
572 3113 690 3193 sidera
701 3112 843 3219 jastant

140 3254 280 3334 Intonfi
298 3272 471 3335 montes:
502 3254 598 3363 ipsae
614 3255 695 3361 jam
713 3254 878 3333 carmina
894 3281 1016 3362 rupes,

139 3392 222 3502 Ipsa
239 3394 369 3473 sonant
385 3391 549 3475 arbusta:
583 3394 703 3491 Deus,
719 3392 822 3475 Deus
837 3393 914 3496 ille,
937 3392 1126 3476 Menalca.

22 3532 25 3537 ’
142 3533 199 3612 Sis
216 3532 338 3613 bonus
351 3561 376 3613 o
393 3532 557 3643 felixque
574 3533 669 3613 tuis!
701 3561 750 3613 en
767 3550 926 3642 quatuor
945 3562 1045 3617 aras:
1147 3536 1173 3616 6
1181 3563 1204 3643 ς

140 3676 241 3755 Ecce
254 3677 345 3756 duas
363 3675 445 3778 tibi,
466 3675 634 3784 Daphni,
653 3676 804 3783 duoque
815 3677 940 3756 altaria
961 3673 1128 3756 Phoebe.

140 3816 283 3896 Pocula
301 3818 390 3898 bina
403 3845 501 3897 novo
513 3818 721 3926 spumantia
738 3817 832 3897 lade
847 3818 1056 3924 quotannis,

143 3956 382 4064 Craterasque
397 3955 489 4036 duos
504 3956 662 4036 statuam
679 3955 746 4035 tibi
759 3956 907 4063 pinguis
920 3955 1031 4034 olivi:

143 4095 197 4174 Et
215 4093 334 4173 multo
353 4093 522 4203 inprimis
537 4092 695 4175 hilarans
713 4094 880 4174 convivia
893 4091 1053 4193 Baccho,

15 4282 22 4295 ·
146 4235 248 4315 Ante
261 4231 404 4333 focum,
423 4233 578 4343 fifrigus
594 4235 690 4331 erit;
713 4234 739 4312 sr
758 4234 892 4333 messis,
910 4235 948 4314 in
960 4235 1105 4331 umbra,
1154 4261 1211 4341 70

217 4373 221 4385 '
650 4372 685 4449 C
1115 4368 1216 4447 Vina
