2940 5190
194 342 305 445 .208
401 340 755 438 P.Vmc11.11
790 337 1070 452 Muroms

198 549 344 633 sidera:
376 548 428 649 di,
446 545 560 630 talem
577 547 681 628 terris
701 548 854 631 avertite
864 550 1035 662 pestem!
1179 558 1289 651 ,620

197 689 287 772 Nec
303 689 382 770 visu
400 690 530 787 facilis,
551 718 622 771 nec
639 689 744 771 dictu
762 691 919 773 affabilis
937 693 1018 775 ulli.

194 829 411 912 Visceribus
425 831 646 913 miserorum
661 847 700 911 et
713 830 891 940 sanguine
902 832 1059 914 vescitur
1069 850 1163 918 atro.

197 968 291 1051 Vidi
303 989 467 1079 egomet,
484 971 563 1053 duo
574 973 623 1053 de
640 998 799 1053 numero
809 999 904 1054 cum
917 1000 1073 1084 corpora
1087 974 1219 1059 nostro

199 1107 336 1200 Preusa
347 1138 465 1193 manu
477 1139 627 1221 magna,
646 1111 775 1192 medio
789 1110 980 1221 resupinus
999 1113 1040 1193 iu
1052 1132 1173 1214 antro,
1264 1174 1270 1179 -

197 1249 401 1365 Frangeret
413 1255 461 1335 ad
475 1253 619 1352 saxum,
643 1252 816 1362 sanieque
834 1253 973 1364 aspersa
986 1272 1153 1340 natarent
1184 1261 1284 1374 625

198 1393 375 1477 Limina.
399 1396 488 1492 vidi,
507 1412 691 1476 atrocum
712 1395 884 1474 membra
898 1391 1052 1479 fluentia
1071 1397 1161 1479 tabo

184 1531 411 1630 ·.‚Manderet
437 1551 476 1614 et
494 1534 610 1641 tepidi
627 1550 828 1615 tremerent
841 1533 908 1616 sub
928 1533 1227 1622 dentibusartus.

195 1669 344 1751 Haud
333 1697 486 1780 rmpuue
500 1672 669 1780 quidem.
687 1699 758 1751 nec
771 1670 858 1751 talia
880 1673 1000 1780 passus
1018 1674 1181 1784 Ulysl'cs,

195 1806 393 1890 Oblitusve
406 1808 461 1889 sui
480 1809 534 1890 est
548 1807 697 1889 Ithacus
714 1808 926 1890 discrimine
941 1829 1073 1894 tanto.

195 1945 305 2027 Nam
315 1949 426 2029 simul
436 1947 605 2058 expletus
618 1947 839 2059 dapibus,
805 1974 968 2058 vinoque
984 1951 1161 2062 sepultus,
1178 1948 1273 2066 630

177 2166 180 2171 ,
194 2089 394 2171 cervicem
411 2088 590 2171 inflexam
607 2090 738 2201 posuit,
753 2089 947 2200 jacuitque
961 2120 1027 2202 per
1043 2112 1198 2183 anuaun

195 2231 424 2335 immensus,
444 2231 584 2313 samem
601 2234 770 2312 erudiaris
796 2257 840 2310 ac
858 2228 986 2330 frusta
1000 2252 1154 2316 cruento

196 2366 270 2449 Per
289 2369 467 2451 somnum
485 2369 695 2453 commixta
711 2395 818 2449 mero
828 2407 842 2466 3
860 2395 941 2469 nos,
953 2398 1091 2479 magna
1110 2373 1255 2482 precati

196 2506 385 2607 Numina,
408 2507 598 2618 sortitique
612 2510 723 2608 vices,
742 2534 817 2589 una
832 2508 998 2617 undique
1011 2510 1155 2592 circum

70 2705 75 2718 .
196 2648 422 2750 Fundimur,
438 2668 476 2731 et
493 2651 568 2731 telo
589 2651 719 2731 lumen
738 2651 966 2732 terebramus
985 2670 1097 2735 acuto
1181 2657 1207 2737 6
1213 2683 1237 2765 3
1247 2674 1272 2767 ς

196 2791 347 2902 Ingens,
362 2792 468 2903 quod
485 2811 589 2874 torva
599 2793 724 2874 solum
740 2793 808 2874 sub
825 2791 949 2875 fronte
967 2792 1116 2896 latebat,

196 2935 367 3043 Argolici
379 2933 502 3044 clypei
519 2953 584 3015 aut
593 2933 790 3016 Phoebeae
808 2932 990 3043 lampadis
1014 2933 1146 3014 instar:

186 3072 250 3155 Et
263 3077 415 3156 tandem
428 3077 513 3155 laeti
529 3075 715 3155 sociomm
730 3074 948 3175 ulciscimur
962 3073 1126 3153 umbras.

196 3215 271 3295 Sed
287 3214 419 3323 fugite,
437 3242 462 3294 o
481 3213 616 3313 miseri,
630 3215 763 3324 fugite,
780 3234 891 3325 atque
905 3216 953 3295 ab
972 3213 1078 3295 litore
1089 3212 1224 3295 sunem

196 3351 392 3465 Rumpite.
1175 3357 1267 3462 640

194 3495 304 3580 Nam
327 3494 446 3606 qualis
462 3494 696 3606 quantusque
713 3521 805 3575 cavo
828 3493 1086 3604 Polyphemus
1105 3493 1145 3573 in
1162 3509 1273 3574 antro

193 3636 395 3751 Lanigeras
407 3638 546 3722 claudit
560 3637 734 3749 pecudes,
752 3654 862 3746 atque
877 3636 990 3718 ubera
1004 3636 1147 3746 pressat,

194 3779 363 3860 Centum
380 3777 442 3860 alii
459 3805 571 3860 curva
587 3774 680 3857 haec
691 3774 859 3856 habitant
879 3774 926 3852 ad
950 3773 1056 3855 litora
1079 3775 1193 3883 vulgo

195 3918 344 4000 infandi
358 3919 555 4028 Cyclopes,
570 3937 608 3998 et
619 3917 701 3998 altis
717 3914 907 3995 montibus
920 3931 1053 3994 errant.

192 4056 325 4138 Tertia
337 4060 418 4165 jam
432 4057 541 4137 lunae
563 4058 599 4137 se
616 4083 756 4137 cornua
774 4052 918 4135 lumine
936 4050 1144 4162 complent,
1179 4052 1235 4154 64
1242 4076 1267 4160 5

194 4196 299 4279 Cum
311 4197 428 4278 vitam
440 4196 481 4277 iu
494 4193 614 4306 sylvis,
637 4196 732 4278 inter
751 4192 891 4277 deserta
908 4191 1073 4277 serarum

1039 4338 1043 4353 '
1132 4325 1269 4411 Lullm
