2940 5190
329 322 700 415 Aruernos.
752 316 878 412 Lru.
914 320 952 412 Ι.
1083 308 1211 451 ι39’

112 531 195 613 Aut
215 542 367 637 portum
385 538 498 620 tenet,
532 535 598 601 rut
614 518 727 628 pleno
746 518 844 601 subit
860 520 952 603 ostiu
968 522 1066 610 velo.

112 669 232 775 Perge
249 665 379 760 modu,
391 680 430 743 et
438 687 515 772 qua
528 677 565 742 te
577 659 681 741 ducit
693 659 767 761 νὴ,
781 659 898 769 dirige
910 662 1084 771 gressum,
1096 692 1180 780 4⁰5

111 807 235 909 Dixit,
263 824 301 891 et
315 820 481 887 avertens
496 800 598 881 rosea
613 800 756 882 cervice
771 800 924 898 refulsit,

113 944 406 1053 Ambrosiaeque
423 966 555 1023 comae
570 937 755 1031 'divinum
764 940 899 1021 vertice
914 942 1074 1027 odorem

111 1081 326 1195 spiravere:
358 1074 598 1189 poddvestis
618 1073 778 1157 defluxit
797 1076 845 1155 ad
862 1077 975 1177 imos,

111 1223 164 1305 Et
180 1251 265 1304 vera
280 1218 419 1301 incessu
433 1215 550 1327 patuit
567 1216 648 1301 dee.
678 1213 754 1315 ille,
786 1214 851 1298 ubi
865 1236 1027 1303 matrem

113 1364 293 1473 Agnovit,
325 1359 389 1441 tali
411 1356 619 1465 fugientem
635 1354 691 1439 est
707 1383 798 1439 voce
813 1357 984 1443 secutur:
1098 1387 1188 1471 410

114 1502 220 1614 Qrid
233 1520 367 1585 nutum
382 1499 489 1581 toties
505 1496 665 1579 crudelis
681 1512 726 1579 tu
737 1525 889 1607 quoque
903 1498 1003 1581 falsie

113 1641 233 1725 Ludis
251 1638 475 1748 imaginibus
493 1641 508 1721 i
538 1664 605 1721 cur
622 1636 936 1749 dextraejungere
951 1641 1125 1725 derum

114 1782 209 1863 Non
223 1780 344 1882 datur,
375 1806 420 1861 uc
437 1806 538 1861 veras
556 1777 685 1861 audire
699 1794 738 1859 et
749 1779 901 1861 reddere
915 1786 1053 1865 voees?

115 1921 272 2003 Talibus
291 1919 443 2017 incuset,
473 1917 710 2027 gressumque
726 1918 775 1999 ad
791 1922 940 2001 moenia
957 1922 1087 2005 tendit

119 2064 171 2143 At
189 2064 317 2143 Venus
333 2063 489 2143 obscuro
504 2060 710 2167 gradientes
727 2068 809 2139 aire
825 2059 945 2170 sepsit,
1096 2090 1185 2177 415

116 2201 167 2280 Et
186 2199 307 2282 multo
324 2196 481 2279 nebuhe
500 2199 646 2279 circum
664 2196 736 2277 dea
750 2197 849 2277 fudit
865 2200 1034 2282 amitiur

114 2341 277 2421 Cernere
294 2364 342 2419 ne
363 2336 447 2444 quis
465 2362 543 2431 eor,
573 2362 649 2415 neu
664 2333 749 2441 quie
765 2337 980 2444 contingere
994 2337 1124 2448 poffit,

115 2480 294 2563 Molirive
313 2504 478 2575 mmm,
505 2494 569 2558 aut
584 2474 756 2557 veniendi
772 2477 922 2586 poscere
938 2482 1072 2566 ceusu.

117 2621 199 2731 ipsa
214 2617 390 2730 Paphum
406 2616 574 2699 sublimis
593 2617 684 2715 abit,
711 2617 882 2728 sedesque
896 2623 1017 2703 revisit

117 2763 232 2842 Laeta
246 2762 344 2839 suas:
363 2758 428 2838 ubi
439 2757 703 2867 tempinmiili‚
714 2775 942 2869 centumque
953 2764 1191 2873 Sabaeom
1345 2796 1354 2805 ·

118 2903 224 2982 Ture
241 2899 362 2981 erlent
378 2925 475 2996 arae,
511 2896 686 3005 sertisque
703 2898 910 2978 recentibus
928 2898 1067 2987 halant.

1222 2256 1248 2355 s

180 3040 401 3149 Corripuere
415 3038 517 3118 viam
535 3037 684 3136 interea,
716 3064 793 3147 qua
803 3038 932 3121 semita
945 3042 1138 3126 monstrnt

119 3183 281 3288 Jamque
295 3177 539 3259 ascendebant
555 3176 708 3276 collem,
739 3206 808 3288 qur
795 3179 1008 3289 plurimus
1022 3184 1107 3265 urbi

119 3319 312 3413 Imminet,
338 3314 573 3425 adversusque
591 3315 751 3426 nspet'tat
775 3318 929 3475 desuper
941 3348 1054 3404 arcer.

121 3732 263 3815 Instant
273 3732 440 3817 ardentes
453 3732 582 3843 Tyrii:
614 3760 699 3843 pars
714 3734 849 3817 ducere
866 3766 1008 3839 nuuor,

119 3868 329 3980 Molirique
343 3898 484 3975 arcem,
510 3889 551 3955 et
565 3872 740 3953 manibus
755 3873 969 3959 subvolvere
985 3879 1095 3980 snm

119 4007 209 4087 Pars
222 4025 345 4118 aptare
362 4010 493 4093 iocum
508 4014 622 4113 testu,
653 4030 691 4095 et
705 4013 928 4098 cenchrae
944 4017 1059 4107 suco.

118 4147 230 4255 sun
255 4148 720 4265 ψώθια»
749 4152 1192 4383 flemme?
