2940 5190
177 446 181 460 .
332 324 1012 451 Aau,u‚1,nos.L1u.Illg.
1085 329 1181 462 185
1263 434 1265 438 ,

105 547 217 630 Dum
238 538 387 624 fortuna
398 533 484 620 suit.
515 532 614 617 feror
633 528 725 631 huc,
742 546 781 611 et
797 529 904 614 litore
921 560 1038 616 curvo
1182 622 1185 627 ,

105 668 267 767 Moenia
284 681 405 795 prima
423 677 521 774 loco,
540 674 624 757 satis
640 671 818 785 ingressus
836 674 974 784 iniquis
983 717 998 775 3
1046 652 1054 657 ⁴*

74 824 84 835 ”
104 810 372 932 Aeneadasque
387 845 475 899 meo
488 843 630 898 nomen
646 812 695 894 de
712 812 867 894 nomine
880 813 997 927 singo.

106 964 216 1044 Sacra
227 961 420 1043 Dionaeae
435 957 558 1055 niani,
580 953 748 1063 divisque
768 953 938 1060 ferebam
1183 1044 1188 1050 ,

104 1081 334 1213 Auspicibus
366 1114 588 1213 coeptorum
629 1121 817 1207 operum:
874 1095 1083 1206 superoque
1115 1092 1184 1178 ni·

152 1318 155 1329 ,
288 1231 496 1321 tentem·
1125 1261 1182 1320 ao
1354 1341 1356 1345 ,

105 1378 346 1475 Coelicolum
357 1377 435 1488 regi
448 1375 662 1457 madtabam
679 1375 719 1456 in
734 1372 840 1455 litore
851 1387 1015 1458 taurum.
1182 1410 1188 1441 2

107 1524 221 1603 Forte
233 1519 306 1601 fuit
317 1523 427 1631 juxta
442 1519 624 1616 tumulus,
643 1546 722 1626 quo
739 1545 874 1598 cornea
887 1518 1039 1598 summo
1184 1533 1190 1606 ζ

108 1660 295 1770 Virgusta,
310 1679 348 1743 et
368 1661 486 1743 densis
504 1659 697 1741 hastilibus
712 1658 863 1740 horrida
877 1678 1034 1767 myrtus.
1183 1674 1190 1748 ζ

109 1799 269 1899 Accessi,
281 1801 516 1910 viridemque
529 1801 577 1880 ab
594 1797 717 1881 humo
737 1798 946 1881 convellere
961 1799 1105 1906 sylvam
1178 1826 1191 1887 j

108 1937 290 2035 Conatus,
304 1939 417 2018 ramis
435 1956 599 2047 tegerem
620 1954 663 2016 ut
681 1935 943 2018 frondentibus
957 1967 1054 2058 aras3
1128 1966 1152 2024 2
1159 1965 1186 2054 ς

109 2075 358 2157 Horrendum
382 2095 420 2156 et
438 2077 542 2158 diem
559 2076 670 2157 video
690 2075 861 2156 mirabile
880 2079 1128 2164 monstrum·
1188 2161 1193 2168 ,

112 2220 234 2318 Nam,
254 2246 350 2327 quae
368 2218 491 2326 prima
509 2218 586 2300 solo
605 2219 721 2328 ruptis
734 2217 918 2299 radicibus
929 2221 1038 2301 arbos
1191 2299 1194 2305 .

109 2360 288 2462 Vellitur,
311 2358 401 2440 huic
425 2378 504 2439 atro
524 2358 717 2473 liquuntur
741 2359 918 2469 sanguine
935 2380 1075 2471 guttae,
1202 2374 1210 2381 “

111 2503 164 2586 Et
184 2519 323 2582 terram
336 2498 424 2580 tabo
443 2498 645 2583 maculant.
679 2497 777 2580 mihi
794 2500 954 2611 frigidus
969 2501 1102 2584 horror
1172 2478 1180 2578 A.

110 2643 291 2724 Membra
303 2640 434 2750 quatit,
444 2640 661 2752 gelidusque
670 2642 745 2722 coit
758 2619 1200 2761 formidinesanguis.3o.¹

113 2784 255 2865 Rursus
273 2803 310 2864 et
330 2783 477 2863 alterius
493 2783 639 2865 lentum
657 2783 864 2866 convellere
879 2787 1007 2867 vimen

114 2923 306 3030 Insequor‚
327 2941 364 3003 et
379 2921 501 3004 causas
517 2922 663 3033 penitus
676 2941 816 3003 tentare
840 2900 1016 3007 latentesr
1189 2978 1191 2983 ·

115 3062 223 3157 Alter
241 3079 279 3143 et
297 3061 446 3143 alterius
459 3061 624 3170 sequitur
638 3061 686 3143 de
704 3062 840 3145 cortice
854 3063 1010 3172 sanguia

115 3201 244 3311 Multa
264 3229 419 3282 movens
434 3202 562 3282 animo
579 3200 769 3312 nymphas
786 3204 984 3284 venerabar
996 3202 1165 3316 agrestes,

114 3342 400 3449 Gradivumque
417 3359 576 3452 patrem,
592 3341 736 3424 Geticis
748 3343 815 3452 qui
828 3343 1005 3454 praefidet
1019 3346 1126 3445 arvis,
1138 3371 1195 3459 35

116 3481 206 3562 Rite
219 3481 461 3562 secundarent
480 3480 589 3578 visus,
604 3508 796 3593 omenque
820 3482 996 3569 levarent.
1152 3512 1158 3519 ·

115 3625 245 3705 Tertia
256 3623 319 3704 sed
337 3621 538 3734 postquam
555 3627 696 3733 majore
709 3622 855 3707 hastilia
871 3627 952 3707 nisu

117 3761 342 3871 Aggredior,
361 3762 589 3871 genibusque
603 3762 771 3844 adversae
789 3761 961 3844 obludtor
977 3790 1135 3863 arenae3
1217 3736 1222 3746 ¹

117 3867 301 4007 dloquar,
319 3924 369 3979 an
385 3898 542 3986 fileam?
572 3899 736 4010 gemitus
755 3899 1006 4008 lacrymabilis
1027 3904 1111 3986 imo

118 4039 287 4157 Auditur
306 4040 471 4151 tumulo,
483 4061 522 4125 et
534 4071 609 4126 vox
622 4044 766 4127 reddita
783 4027 903 4127 fertur
919 4047 967 4128 ad
984 4074 1110 4132 aures:
1142 4073 1219 4163 40,

120 4175 231 4300 Qid
242 4177 437 4301 miserum,
450 4174 593 4304 denea,
601 4182 770 4323 laceras?
784 4166 867 4313 jam
880 4216 992 4305 parce
1005 4187 1148 4304 sepulto
1158 4226 1173 4284 3
1200 4247 1203 4253 .

237 4342 245 4359 ’
561 4328 564 4333 ’
1093 4325 1209 4409 Parce
