2940 5190
170 288 173 293 ’
281 337 380 443 70,
461 316 513 414 P.
546 318 821 413 Vrncrnrr
858 317 1140 419 Mauours

121 520 127 534 “
279 501 447 609 Illuxiffe
461 517 552 618 dies,
570 517 734 600 aliumve
755 518 922 601 habuisse
938 535 1106 615 tenorem
1145 540 1152 558 ·

277 654 533 739 Crediderim:
560 677 625 739 v'er
639 656 834 758 illuderet,
853 685 917 751 ver
936 686 1095 769 magnus
1112 661 1242 771 agebat

277 790 406 892 Orbis,
426 813 464 883 et
480 793 655 903 hybernis
666 797 864 907 parcebant
875 795 1027 888 flatibus,
1037 800 1143 898 euri3

277 934 382 1017 Cum
393 936 535 1046 primae
547 936 673 1018 lucem
688 939 850 1046 pecudes
864 936 1028 1036 hausere,
1048 938 1245 1050 virumque
1254 967 1276 1052 3
1284 966 1342 1049 40

276 1073 412 1171 Ferrea
424 1077 615 1188 progenies
630 1076 730 1158 duris
748 1095 859 1188 caput
872 1076 1007 1159 extulit
1023 1079 1129 1177 arvis,
1172 1120 1176 1133 =

275 1213 540 1326 Immisiaeque
553 1215 653 1301 ferae
663 1216 785 1327 sylvis,
804 1236 841 1299 et
857 1216 972 1299 sidera
983 1214 1104 1300 coelo.

273 1351 319 1472 N
319 1381 364 1434 ee
375 1382 431 1444 res
445 1353 548 1443 huuc
565 1373 710 1436 tenerae
723 1353 865 1465 possent
878 1353 1040 1464 perferre
1057 1352 1238 1454 laborem,

274 1493 409 1577 Sinon
428 1513 528 1577 tanta
543 1497 649 1605 quies
665 1497 733 1578 iret
749 1498 937 1606 frigusque
954 1494 1193 1608 caloremque
1276 1543 1279 1547 ν

274 1632 389 1732 Inter,
402 1653 440 1717 et
452 1635 639 1744 exciperet
655 1635 750 1721 coeli
768 1634 997 1744 indulgentia
1008 1653 1131 1719 terras.
1151 1684 1153 1689 -
1252 1662 1338 1745 345

273 1771 392 1878 Qud
421 1773 604 1883 superest,
619 1791 879 1885 quaecumque
913 1788 1058 1884 premes
1087 1769 1244 1881 virgulta
1276 1799 1343 1881 per

455 1941 575 2024 ²810&

270 2049 409 2160 Sparge
419 2052 515 2136 simo
531 2055 675 2165 pingui,
691 2070 729 2138 et
746 2051 867 2139 multa
882 2078 1031 2134 memor
1044 2050 1174 2134 occule
1187 2068 1305 2136 terra:

270 2188 353 2268 Aut
366 2188 529 2298 lapidem
536 2190 724 2289 bibulum,
734 2211 798 2272 aut
810 2189 1015 2300 squalentes
1022 2187 1157 2271 infode
1164 2188 1338 2274 conchas.

267 2325 369 2408 Inter
385 2331 488 2424 enirn
504 2330 673 2417 labentur
688 2359 818 2441 aquae,
837 2330 1028 2439 tenuisque
1043 2329 1179 2417 subibit

268 2468 433 2568 Halitus,
451 2489 564 2580 atque
589 2474 733 2559 animos
753 2473 885 2555 tollent
911 2471 996 2552 sata.
1020 2471 1175 2579 jamque
1193 2472 1337 2584 reperti,

267 2607 347 2711 Ql
365 2609 454 2693 saxo
472 2609 701 2720 superatque
718 2611 876 2719 ingentis
894 2609 1058 2720 pondere
1075 2609 1186 2726 testae
1247 2641 1269 2724 3
1279 2640 1329 2723 51

265 2748 475 2856 Urgerent:
504 2749 586 2835 hoc
598 2749 744 2832 effulsos
763 2750 962 2843 munimen
978 2750 1027 2830 ad
1043 2749 1206 2849 imbres,

265 2890 380 2993 Hoc,
391 2894 458 2984 ubi
474 2891 600 2988 hiulca
615 2893 670 2977 siti
689 2891 798 2975 findit
814 2892 915 2973 canis
926 2889 1072 2973 aeslistr
1089 2917 1186 2974 arva.

245 3032 483 3126 'Seminibus
492 3033 628 3142 pofitis,
647 3032 806 3140 superest
823 3031 1005 3115 deducere
1023 3016 1160 3117 terram

265 3169 414 3279 Saepius
428 3169 478 3248 ad
486 3171 618 3277 capita,
637 3186 675 3248 et
690 3171 801 3251 duros
813 3171 951 3279 jactare
969 3167 1137 3251 bidentes
1146 3208 1159 3266 3
1245 3197 1266 3282 3
1276 3197 1299 3282 5
1305 3197 1329 3282 ς

263 3313 345 3390 Aut
361 3307 483 3417 presso
498 3335 666 3401 exercere
679 3308 800 3390 solum
817 3308 890 3401 sub,
898 3335 1061 3405 vomere,
1084 3325 1122 3390 et
1139 3307 1217 3418 ipsa

259 3448 426 3541 Flectere
438 3448 617 3533 sustantes
632 3451 725 3537 inter
738 3449 1057 3557 vinetajuuencos.

262 3589 370 3670 Tunr
389 3586 486 3669 leves
496 3585 672 3688 calamos,
688 3605 725 3668 et
740 3587 836 3680 rasae
850 3563 993 3677 hastilia
1007 3588 1143 3697 virgae,

258 3732 292 3813 F
293 3731 529 3841 taxineasque
542 3747 665 3841 aperte
676 3727 795 3828 sudes,
813 3728 1006 3839 furcasque
1026 3730 1219 3817 bicornes:

258 3872 413 3965 Viribus
427 3874 516 3959 eniti
536 3888 711 3981 quarum,
729 3889 767 3952 et
777 3890 1014 3956 contemnere
1031 3890 1161 3956 uentos
1240 3873 1336 3984 360.

257 4009 484 4111 Assuescant,
497 4009 734 4116 summasque
754 4008 857 4118 sequi
875 4007 1040 4094 tabulata
1049 4008 1266 4120 perusinos.

171 4253 174 4262 Ι
255 4148 441 4250 Ac,.dum
465 4149 586 4265 prima
599 4149 703 4230 novis
721 4148 1104 4237 adolescit'frondibus
1127 4167 1238 4246 aetas,

1084 4287 1325 4375 Parcendum
