2940 5190
415 330 980 465 AruaroooLr'nl.
1143 360 1235 475 t35

35 526 38 535 Ι
172 551 260 632 Post
272 551 548 660 tergnmnodia,
566 548 701 629 fremet
714 536 1238 663 horridusoieo'luehtti..3'de

170 693 279 774 Haec
297 694 359 790 ait,
392 710 429 774 et
441 693 548 800 Maja
565 690 736 798 genitum
752 692 916 772 demittit
932 694 982 772 ab
1001 692 1102 775 altor

176 827 228 914 Ut
243 848 370 930 terrae,
385 851 518 942 ¹utque
535 858 652 912 novae
669 844 816 941 pateant
833 832 1067 944 Carthaginis
1077 840 1178 917 arcet

12 952 19 963 ¹
169 971 345 1083 Hospitio
358 973 540 1053 Teucris:
571 996 619 1051 ne
637 970 702 1050 fari
720 971 838 1051 nescia
851 973 956 1053 Dido
1122 970 1125 975 ’

166 1111 322 1192 Finibus
340 1127 490 1192 arceret.
520 1107 620 1188 volat
637 1108 699 1188 ille
717 1136 783 1218 per
799 1116 882 1190 ae'ra
902 1122 1087 1219 magnum

165 1250 345 1360 Remigio
362 1250 518 1347 alarum,
549 1275 593 1328 ac
612 1248 755 1355 Libyae
770 1249 866 1328 citu'a
883 1248 1121 1333 adstitit'oris.
1148 1260 1232 1364 383

164 1376 217 1470 Et
231 1393 312 1499 jam
324 1392 417 1500 julla
433 1391 543 1472 facit:
573 1409 792 1500 ponuntque
808 1390 945 1486 ferocia
957 1391 1077 1474 Poeni
1308 1366 1316 1371 .

166 1528 303 1625 Corda,
334 1530 479 1609 volente
498 1528 580 1608 deo.
613 1528 652 1607 in
665 1529 795 1634 primis
810 1532 935 1638 regina
949 1530 1123 1640 quietum

164 1669 316 1778 Accipit
329 1671 368 1748 in
382 1672 549 1750 Teucros
566 1669 737 1748 animum
755 1682 999 1780 mentemque
1016 1672 1232 1782 benignam.

227 1810 281 1888 At
299 1811 380 1918 pius
392 1812 550 1908 Aeneas,
572 1814 806 1919 pernoctem
824 1811 987 1921 plurima
1003 1812 1166 1911 volvent,

18 1980 28 1997 ·
163 1949 219 2028 Ut
231 1950 400 2059 primum
416 1950 483 2031 lux
497 1950 597 2031 alma
610 1949 695 2029 data
707 1949 772 2048 est,
801 1952 914 2049 exite,
942 1950 1115 2064 locosque
1148 1970 1229 2064 3¹⁰

162 2089 366 2198 Explorate
380 2117 508 2187 novos,
531 2116 622 2197 quas
636 2104 746 2168 vento
759 2082 941 2172 accederit
953 2110 1033 2172 oras
1045 2133 1058 2190 ς

162 2229 241 2325 Qui
258 2247 405 2308 teneant
420 2231 528 2335 (nam
541 2224 678 2306 inculta
689 2226 808 2333 videt)
823 2228 1052 2326 hominesne,
1068 2228 1228 2326 fetaeitd,

161 2372 347 2474 Qraerere
365 2366 565 2463 constituit,
595 2364 773 2474 sociisque
792 2371 921 2447 exacta
936 2366 1084 2454 referre.
1209 2452 1211 2457 ,

161 2507 321 2588 Classem
341 2507 380 2586 in
397 2532 567 2587 convexo
582 2526 811 2609 memorum,
832 2505 899 2587 sub
916 2536 1006 2620 rupe
1025 2498 1164 2612 cavata,

161 2647 369 2727 Arboribus
389 2645 549 2726 clausam
579 2645 722 2725 circum
744 2665 855 2755 atque
880 2644 1113 2731 horrentibus
1136 2666 1225 2730 utn-

220 2785 307 2880 bris,
1137 2815 1221 2897 315

160 2923 338 3002 Occulit:
368 2922 441 3032 ipse
459 2948 535 3001 uno
552 2921 716 3029 graditur
732 2921 929 3002 comitatus
949 2922 1106 3023 Achate,
1257 2920 1260 2925 ’

156 3062 249 3142 Bina
265 3090 380 3142 manu
398 3061 472 3141 lato
489 3061 650 3170 crispans
671 3058 814 3141 hastilia
831 3058 941 3147 serra.

157 3202 230 3281 Cui
251 3217 369 3282 mater
382 3199 506 3280 media
523 3199 595 3280 sese
614 3200 699 3279 tulit
719 3200 827 3280 obvia
843 3200 954 3308 sylva,

158 3341 323 3451 Virginis
340 3370 380 3423 os
398 3340 642 3451 habitumque
662 3368 803 3450 gerens,
834 3360 871 3421 et
892 3343 1041 3453 virginis
1057 3374 1161 3428 amna

156 3480 376 3589 Spartanaet
403 3481 462 3562 vel
478 3472 599 3590 *qualis
615 3507 732 3589 equos
749 3478 924 3561 Threissa
940 3482 1069 3592 fatigat
1132 3510 1218 3596 320

155 3617 381 3729 Harpalyce,
395 3619 662 3726 volucremque
675 3618 764 3727 firgo
778 3620 1016 3726 praevertitur
1030 3620 1220 3709 Hebrum.

155 3759 335 3869 Namque
366 3759 534 3842 humeris
567 3759 614 3840 de
641 3746 754 3839 'more
789 3756 956 3840 habilem
991 3761 1221 3869 suspenderat

216 3925 350 3980 arcum

90 4156 93 4161 Ι
153 4037 347 4140 Venat'tirt,
382 4036 605 4150 dederatque
619 4032 990 4119 comantdiffundere
1003 4042 1147 4141 ventio,

151 4176 270 4262 Nuda
280 4192 392 4287 gena,
417 4176 593 4291 nodoque
611 4176 874 4261 linuacolletta
888 4176 1055 4266 liutans.
1132 4192 1221 4294 32'4'

321 4356 327 4363 ·
381 4351 385 4357 ·
704 4317 797 4424 Ka
1162 4318 1225 4397 Ac
