2940 5190
316 346 686 437 Aruernos.
722 339 919 435 Laut.
1065 372 1172 473 ιη

100 552 298 659 Intonuere
316 543 408 657 poli,
437 561 475 624 et
491 541 626 624 crebris
639 543 754 623 micat
770 543 918 652 ignibus
932 540 1083 630 aether:

99 689 405 795 Praesentemque
422 683 508 764 viris
526 684 707 764 intentant
718 684 846 764 omnia
857 701 1033 769 mortem.
1104 711 1174 799 91·

100 827 306 938 Extemplo
317 827 467 905 Aeneae
487 821 675 902 solvuntur
692 820 828 929 frigore
847 824 1031 912 membra.
1104 918 1109 926 ¹

99 970 274 1079 Ingemit,
306 983 343 1046 et
362 963 530 1073 duplices
549 961 702 1040 tendens
718 959 765 1038 ad
783 960 896 1042 sidera
915 961 1072 1071 palnras,
1159 1014 1164 1023 ·

99 1107 211 1192 Talia
227 1132 318 1187 voce
331 1101 461 1183 refert:
495 1101 532 1178 O
546 1117 674 1207 terque
692 1114 893 1208 quaterque
909 1099 1020 1201 bears,
1171 1201 1176 1209 ι

100 1246 218 1343 Queis
238 1261 322 1325 ante
341 1268 406 1321 ora
425 1257 586 1350 patrum,
617 1237 755 1344 Trojae
772 1237 840 1317 sub
856 1238 1054 1322 moenibus
1072 1238 1167 1344 alth,

99 1384 269 1491 Contigit
281 1381 473 1491 oppetere!
504 1375 927 1460 oDanaumfortiffime
941 1381 1059 1488 gentis
1081 1360 1175 1471 roo¹

101 1520 267 1632 Tydide,
298 1546 409 1599 mene
424 1517 545 1598 Iliacis
565 1516 788 1596 occumbere
805 1520 946 1627 campis

100 1664 197 1746 Non
240 1658 408 1771 potuisse,
451 1677 588 1771 tuaque
628 1657 796 1738 mimam
835 1657 934 1741 hauc
975 1658 1175 1768 effundm

13 1772 16 1777 Δ
161 1772 320 1882 dextra?
451 1875 454 1880 .

102 1944 235 2035 Saevus
252 1916 318 2021 ubi
331 1937 517 2020 Aeacidae
533 1935 608 2018 telo
620 1937 718 2045 jacet
735 1937 892 2035 Hector,
922 1939 989 2019 ubi
1007 1940 1138 2052 ingens
1171 1976 1175 1983 ·

68 2046 72 2053 ²
102 2080 315 2191 ¹Sarpedon:
348 2078 413 2157 ubi
431 2096 487 2156 tot
506 2077 644 2156 Simois
662 2093 828 2183 correpta
843 2075 911 2154 sub
930 2078 1040 2160 undis

102 2223 213 2308 Scuta
230 2219 368 2315 virum
387 2215 578 2325 galeasque
595 2231 633 2294 et
648 2215 759 2296 fortia
772 2244 926 2324 corpora
941 2218 1068 2299 volvit.
1088 2246 1165 2333 105
1197 2212 1203 2223 ¹

165 2359 274 2440 Talia
286 2359 439 2466 jastmti
453 2354 606 2435 stridens
623 2355 796 2464 aquilone
814 2355 976 2464 procella

103 2498 248 2581 Velum
268 2496 415 2578 adversa
426 2495 524 2594 ferit,
556 2493 762 2605 fluctusque
782 2497 829 2577 ad
846 2497 972 2607 sydera
988 2499 1098 2587 tollit.

95 2644 338 2749 'Franguntur
357 2639 475 2719 remi:
507 2654 591 2717 tum
610 2664 719 2747 prora
738 2638 878 2739 avertit,
910 2660 947 2722 et
963 2644 1072 2725 undis

105 2783 183 2865 Dat
196 2782 288 2861 latus
301 2813 311 2860 ε
326 2780 527 2887 insequitur
538 2778 694 2858 cumulo
701 2798 916 2888 praeruptus
923 2810 1040 2891 aquae
1048 2809 1170 2884 mons.

105 2923 163 3003 Hi
177 2920 327 3001 summo
340 2921 378 2998 in
391 2917 508 2998 fluelu
521 2919 696 3028 pendent,
705 2917 763 3000 his
775 2922 874 3000 unda
886 2920 1076 3004 dehiscens
1093 2950 1169 3010 t1o

105 3052 266 3143 Terram
284 3062 377 3140 inter
392 3058 526 3140 fluetus
546 3061 673 3169 aperit.
705 3059 796 3140 furit
809 3061 926 3142 aestus
938 3065 1070 3151 arenis

105 3203 202 3285 Tres
220 3220 328 3283 notus
348 3201 513 3311 abreptas
531 3202 570 3281 in
588 3201 671 3282 saxa
686 3202 834 3285 latentia
852 3224 1026 3316 torquet:

108 3342 202 3422 Saxa
218 3360 352 3422 vocant
370 3340 465 3437 Itali,
493 3340 627 3421 mediis
644 3370 740 3451 quae
757 3344 797 3424 in
815 3344 1001 3443 fluetibus,
1032 3372 1122 3431 aras.

21 3506 37 3540 Ι
107 3479 274 3563 Dorsum
287 3483 452 3561 immane
466 3483 562 3561 mari
579 3483 740 3567 summo.
774 3503 846 3567 tres
859 3515 967 3569 eurus
981 3491 1030 3573 ab
1048 3488 1126 3572 alto

106 3618 153 3731 In
170 3623 293 3704 brevia
313 3642 350 3703 et
371 3623 482 3732 syrtes
504 3639 622 3733 urget,
654 3627 859 3729 miserabile
877 3630 976 3711 visu!
1092 3656 1134 3714 11
1145 3658 1169 3741 ς

106 3759 296 3869 Illiditque
314 3763 426 3861 vadis,
457 3781 568 3871 atque
586 3791 717 3871 aggere
738 3766 855 3872 cingit
871 3794 1013 3847 arenae.

107 3900 249 3996 Unam,
281 3930 376 4008 quae
392 3904 530 4011 Lycios
546 3903 742 4014 fidumque
758 3904 915 3987 vehebat
927 3909 1125 4006 Orontem,

107 4038 224 4148 Ipsius
242 4057 348 4118 antea
364 4041 491 4121 oculos
511 4042 639 4152 ingens
654 4074 677 4127 a
694 4016 832 4126 vertice
849 4066 982 4158 pontus

105 4177 150 4258 In
168 4177 333 4289 puppim
352 4177 463 4263 ferit:
495 4183 680 4267 excutitur
698 4186 911 4298 pronusque
925 4187 1100 4298 magister
1262 4198 1266 4207 '

883 4372 887 4379 ’
1006 4326 1179 4410 Volvitur
