2940 5190
275 368 641 459 Aruernos.
694 356 819 452 Lra.
857 361 918 473 Il.
1044 399 1139 497 157

69 569 303 652 Criminibus
320 584 454 647 terrere
472 563 597 645 novis:
626 559 716 641 hinc
734 562 901 672 spargere
914 592 1023 649 voces
1097 620 1099 625 ·

71 716 119 795 In
136 709 296 820 vulgum
314 705 521 814 ambiguae,
540 722 577 782 et
596 729 771 811 quaerere
785 704 952 787 conscius
969 734 1084 795 arma.

68 856 157 935 Nec
165 851 345 961 requievit
352 849 470 946 enim,
479 846 598 925 donec
608 841 813 925 Calchante
825 847 1146 937 ministro-roo

73 995 146 1075 Sed
162 992 255 1102 quid
278 1017 350 1098 ego
370 987 463 1068 haec
486 1004 615 1065 autem
640 984 895 1096 nequicquam
918 989 1061 1098 ingrata
1087 1018 1148 1076 re·

257 1129 369 1209 volvo
390 1134 404 1211 ?
432 1120 434 1124 ¹

73 1271 225 1381 Qidve
234 1267 426 1350 moror?s1
445 1291 576 1347 omnes
585 1293 662 1345 uno
673 1265 802 1345 ordine
812 1264 955 1349 habetis
968 1266 1150 1373 Achivos,

74 1412 196 1520 quue
210 1409 338 1489 audire
352 1407 403 1485 sat
421 1405 501 1503 est;
522 1403 755 1513 jamdudum
777 1404 909 1487 sumite
926 1437 1087 1519 poenas:

74 1553 166 1633 Hoc
186 1548 335 1629 Ithacus
355 1548 457 1643 velit,
480 1562 517 1628 et
533 1572 674 1654 magno
692 1563 904 1628 mercentur
921 1552 1089 1638 Atridae.

74 1696 187 1773 Tum
205 1718 292 1771 vero
304 1689 479 1768 ardemus
491 1686 610 1766 scitari
623 1703 661 1768 et
679 1715 854 1796 quaerere
870 1690 1008 1794 causas,
1070 1720 1150 1807 105

74 1830 199 1940 Ignari
218 1827 402 1908 scelerum
420 1843 612 1906 tantorum
630 1825 789 1937 artisque
803 1827 986 1939 Pelasgae.

75 1967 313 2079 Prosequitur
327 1967 506 2078 pavitans,
524 1985 562 2048 et
575 1965 665 2046 ficto
676 1969 826 2076 peslore
836 1967 959 2054 fatur:

79 2113 197 2220 Saepe
213 2109 345 2216 fugam
359 2108 482 2186 Danai
494 2108 611 2215 Troja
629 2107 779 2217 cupiere
801 2107 929 2190 relisla

78 2249 227 2343 Moliri,
239 2265 277 2327 et
294 2247 409 2354 longo
429 2245 510 2327 feffi
524 2245 710 2327 discedere
724 2244 837 2349 bello.

77 2387 335 2497 Fecissentque
356 2386 520 2465 utinam!
545 2382 651 2494 saepe
665 2382 749 2464 illos
762 2382 886 2493 aspera
897 2387 1004 2496 ponti
1072 2418 1155 2477 110

78 2524 288 2608 Interclusrt
300 2521 448 2633 hyems,
467 2539 505 2603 et
520 2523 651 2604 terruit
670 2522 791 2603 auster
804 2541 944 2607 euntes.

78 2667 295 2777 Praecipue,
311 2693 404 2745 cum
419 2668 502 2773 jam
519 2661 584 2746 hic
601 2664 767 2746 trabibus
785 2684 982 2750 contextus
999 2669 1140 2753 acernis

81 2811 200 2889 Staret
217 2834 348 2917 equus,
367 2824 447 2886 toto
460 2806 660 2886 sonuerunt
672 2804 825 2921 pethere
842 2808 977 2891 nimbi.

83 2947 253 3058 Suspensr
269 2945 511 3056 Eurypylum
522 2945 696 3027 scitatum
707 2947 855 3028 oracula
863 2947 1009 3031 Phoebi

80 3090 276 3171 Mittimus
285 3129 298 3188 3
317 3088 419 3198 isque
430 3090 550 3198 adytis
560 3087 654 3171 haec
665 3089 1091 3203 trisliadidlareportat.r
1107 3113 1158 3200 ις
1194 3092 1197 3097 ’

84 3231 271 3340 Sanguine
290 3230 459 3340 placastis
470 3249 612 3328 ventos,
633 3248 671 3311 et
683 3230 826 3340 virgine
839 3233 953 3332 caesa,
1185 3272 1188 3277 ·

84 3373 188 3453 Cum
202 3372 373 3484 primum
393 3372 523 3454 Iliacas
542 3373 666 3454 Danai
683 3372 832 3456 venistis
848 3375 895 3455 ad
907 3403 1011 3459 oras:

86 3514 273 3623 Sanguine
292 3515 493 3624 quaerendi
507 3516 661 3620 reditus,
681 3516 882 3627 animaque
897 3518 1085 3601 litandum

84 3654 276 3763 Argolica.
306 3656 410 3765 vulgi
429 3685 525 3767 quae
543 3686 619 3738 vox
638 3674 680 3737 ut
701 3659 803 3738 venit
822 3657 870 3738 ad
887 3665 1006 3758 aures,

87 3792 324 3903 Obstupuere
338 3797 469 3894 animi,
489 3795 705 3905 gelidusque
724 3826 791 3907 per
809 3798 886 3877 ima
901 3796 1065 3879 cucurrit
1082 3822 1166 3880 120

86 3933 175 4013 Offa
187 3952 328 4014 tremor
338 3975 351 4033 3
376 3936 438 4016 cui
456 3935 531 4017 fata
546 3953 689 4047 parent,
709 3964 827 4047 quem
845 3937 971 4047 poscat
991 3935 1147 4047 Apollo

89 4074 171 4153 Hic
191 4069 343 4153 Ithacus
354 4093 479 4155 vatem
496 4103 637 4184 magno
649 4074 856 4157 Calchanta
869 4078 1037 4160 tumultu

89 4208 278 4293 Protrahit
292 4215 331 4293 in
351 4214 521 4296 medios:
548 4241 645 4325 quae
658 4215 728 4297 sint
744 4246 788 4300 ea
805 4220 963 4302 numina
977 4218 1111 4341 divum

581 4369 585 4376 ’
1000 4357 1173 4469 Flagitat,
