2940 5190
276 357 357 449 ,44
481 303 1147 449 P,.v1n01rr1Mii0u1s

280 527 465 633 Stivaque
488 541 584 630 qu'ae
597 548 725 603 currus
736 549 758 601 a
771 517 877 627 tergo
893 515 1063 630 torqueat
1077 522 1198 604 imos:

277 666 331 746 Et
347 661 513 773 suspensa
530 659 624 744 focis
635 660 802 779 explorat
813 660 946 742 robora
965 659 1107 743 firmus.
1266 689 1317 775 17
1325 691 1348 773 ς

276 802 432 888 Possum
451 800 570 882 multa
583 801 650 883 tibi
668 818 837 882 veterum
848 817 1044 910 praecepta
1060 801 1208 900 referre,

278 943 337 1026 Ni
353 936 503 1047 refugis,
518 936 716 1048 tenuesque
733 937 836 1047 piget
853 938 1072 1048 cognoscere
1091 968 1208 1023 curas.

279 1085 380 1165 Area
392 1108 484 1161 cum
503 1081 634 1191 primis
645 1080 786 1189 ingenti
804 1078 997 1190 aequanda
1009 1079 1193 1189 cylindro,

279 1227 333 1308 Et
349 1221 523 1305 vertenda
536 1249 667 1318 manu,
683 1238 721 1300 et
737 1239 836 1302 creta
854 1220 1042 1302 solidanda
1056 1222 1200 1305 tenaci:

206 1358 208 1363 ’
277 1367 345 1449 Ne
362 1363 514 1444 subeant
531 1360 680 1459 herbae,
701 1390 775 1442 neu
795 1362 948 1472 pulvere
960 1364 1062 1444 vieta
1075 1362 1239 1445 senseat:
1266 1362 1348 1448 180

278 1507 389 1586 Turn
401 1505 521 1583 variae
536 1501 698 1582 illudunt
713 1503 843 1612 pestes.
875 1506 990 1615 Saepe
1008 1503 1166 1615 'exiguus
1185 1531 1273 1587 mue
1345 1497 1347 1502 ’

279 1644 359 1726 Sub
376 1643 479 1724 terris
485 1641 690 1777 posuitque
704 1641 838 1723 domos
841 1661 979 1751 ,atque
995 1636 1128 1729 borroa
1146 1644 1260 1730 fecit:

284 1786 367 1864 Aut
384 1781 501 1862 oculis
515 1772 614 1891 capti
631 1779 759 1863 fodere
775 1780 913 1864 cubilia
924 1766 1084 1893 talpae..

279 1922 562 2033 invenmsque
541 1920 640 2031 cauis
656 1919 758 2002 bufo
749 1940 934 2031 ,etquue
935 1920 1102 2035 plutima
1117 1939 1234 2004 terrae

279 2059 604 2148 Mousbaferurit:
623 2060 850 2172 populatque
858 2034 1050 2172 mgentetb
1058 2043 1166 2145 sams
1175 2088 1351 2144 acervum

281 2203 480 2289 Curculio
462 2203 712 2329 otflttetuopr
721 2218 907 2287 mentem
903 2200 1074 2286 fornum
1075 2204 1252 2287 senectae
1268 2205 1350 2288 186
1390 2200 1394 2207 ’

279 2328 688 2456 Contemplaror''1tem,
706 2312 798 2467 cum
796 2342 854 2424 se
871 2370 957 2429 nux
952 2342 1131 2461 plurim
1144 2344 1253 2455 sylvis

280 2487 443 2570 Induet'
432 2514 483 2565 ιιι·
488 2480 658 2584 floreius
648 2502 688 2567 et
700 2510 824 2567 ramos
842 2485 1013 2566 curvabit
1032 2485 1198 2569 olentes:

281 2627 320 2709 Si
333 2624 505 2736 superant
517 2624 650 2723 foetus,
669 2627 804 2734 pariter
817 2610 1006 2719 frumenta
1019 2616 1230 2736 sequentur,
1350 2725 1354 2736 .

279 2769 499 2878 Magnaque
518 2795 611 2848 cum
627 2794 766 2876 magno
785 2766 907 2848 veniet
924 2768 1053 2849 tritura
1069 2767 1201 2853 calore.
1266 2797 1348 2881 190

280 2907 376 2992 At'fi
396 2910 542 2991 luxuria
560 2907 741 2990 foliorum
761 2909 947 2990 exuberat
961 2910 1109 3013 umbra,

219 3057 223 3064 ’
278 3052 549 3159 Nequicquam
566 3049 721 3159 pingues
740 3049 953 3158 palea-teret
971 3078 1054 3130 area
1066 3050 1226 3132 culmos.

281 3191 432 3304 Semina
444 3186 520 3268 vidi
534 3188 713 3298 equidem
731 3189 870 3269 multos
888 3189 1073 3271 medicare
1086 3188 1254 3286 serentes,

280 3330 334 3411 Et
350 3331 447 3410 nitro
461 3328 564 3439 prius¹
576 3304 619 3410 et
626 3333 732 3440 nigra
749 3329 973 3440 perfundere
985 3359 1150 3429 amurca,

280 3468 469 3549 Grandior
488 3486 531 3548 ut
544 3462 822 3575 foetuefiliquis
842 3460 1151 3552 fallacibus-esset.
1266 3496 1316 3582 19
1324 3500 1346 3581 5

280 3610 345 3707 Et,
365 3607 534 3718 quamvis
554 3607 633 3716 igni
644 3600 784 3717 exiguo
801 3600 997 3718 properata
1012 3610 1218 3709 maderent,

281 3747 375 3827 Vidi
389 3747 483 3827 ledia
501 3748 578 3845 diu,
597 3764 635 3828 et
653 3746 774 3827 multo
793 3747 951 3857 spectata
967 3748 1105 3846 labore,

281 3887 515 3995 Degenerare
531 3906 683 3985 tamen3
709 3888 816 3969 nivis
834 3887 1000 3968 humana
1022 3889 1221 3999 quotannis

281 4027 457 4106 Maxima
476 4032 646 4136 quaeque
662 4056 781 4108 manu
802 4026 962 4135 legeret:
995 4029 1045 4109 fic
1057 4031 1185 4112 omnia
1200 4028 1284 4112 fatis

282 4167 327 4251 In
348 4167 450 4278 pejus
467 4193 592 4273 ruere,
599 4194 642 4248 ac
656 4184 752 4251 retro
766 4165 1087 4278 sublapsa-referri.
1263 4193 1349 4251 200

1090 4344 1094 4349 ·
1258 4306 1352 4385 Non
