2940 5190
363 357 989 452 :Auun1u0s..LrnI.
1117 392 1213 487 133

147 554 280 664 Regna
296 559 550 641 Liburnorum
567 577 605 640 et
621 560 767 640 sontem
785 559 953 670 superare
971 558 1150 644 Timavi:

147 695 259 775 Unde
275 725 342 806 per
355 725 417 779 ora
431 722 571 780 novem
589 696 691 778 vasto
708 725 799 777 cum
817 726 1011 778 murmure
1031 699 1170 778 m‘ontis

145 833 182 915 lt
216 864 322 942 ,mare
359 856 596 950 proruptum,
638 855 675 917 et
707 836 839 946 pelago
870 839 1005 946 premit
1035 868 1120 919 arva
1151 840 1211 920 so·=

204 976 318 1059 nanti.
916 1076 919 1081 ⁴
1121 1007 1143 1062 2
1152 1010 1207 1091 50

143 1111 221 1195 Hic
240 1134 366 1197 tamen
386 1115 449 1198 ille
467 1117 600 1197 urbem
611 1116 737 1196 Patavi
756 1116 927 1225 sedesque
943 1116 1077 1198 locavit

143 1253 392 1355 Teucrorum,
418 1276 455 1336 et
468 1258 568 1365 genti
582 1284 721 1336 nomen
734 1256 848 1353 dedit,
877 1286 1053 1366 armaque
1065 1256 1149 1337 lixit

142 1390 274 1477 Tro'r'a.
307 1423 407 1474 nunc
425 1395 568 1503 placida
587 1393 800 1503 compostus
817 1423 908 1505 pace
926 1397 1089 1504 quiescit.
1202 1396 1208 1405 ’

141 1529 239 1626 Nos,
278 1550 340 1611 tua
357 1535 560 1641 progenies,
596 1533 691 1614 coeli
708 1536 844 1642 quibus
861 1536 992 1616 annuis
1008 1562 1145 1631 arcem,

141 1668 310 1750 Navibus
330 1672 563 1780 (infandum)
579 1673 728 1769 amissis,
763 1675 870 1755 unius
887 1673 938 1755 ob
957 1676 1052 1755 iram
1077 1682 1082 1689 '
1116 1701 1139 1757 2
1147 1682 1170 1785 5'
1179 1701 1202 1784 5

141 1806 351 1906 Prodimur,
389 1829 499 1920 atque
517 1812 617 1892 Italis
634 1810 746 1920 longe
763 1812 1009 1922 disjungimur
1026 1812 1112 1897 oris.

141 1946 218 2028 Hic
236 1951 378 2060 pietatis
398 1950 543 2035 honos?
569 1954 619 2033 fic
637 1981 705 2032 nos
723 1953 762 2031 in
782 1952 920 2061 sceptra
936 1954 1107 2063 reponis?

141 2087 219 2166 Olli
238 2091 426 2171 subridens
442 2090 645 2171 hominum
663 2092 756 2170 sator
772 2110 882 2199 atque
900 2092 1071 2188 deorum,

139 2222 270 2322 Vultu,
302 2256 378 2334 quo
399 2228 548 2308 coelum
568 2227 870 2335 tempestatesque
888 2228 1037 2321 serenat,

140 2364 277 2443 Oscula
296 2364 423 2444 libavit
440 2383 571 2461 natae,
605 2363 742 2447 dehinc
759 2366 844 2445 talia
859 2363 981 2447 fatur:
1114 2369 1202 2449 260

138 2504 251 2583 Parce
265 2524 383 2600 metu,
411 2503 614 2613 Cytherea:
648 2526 799 2586 manent
814 2507 973 2586 immota
990 2525 1143 2588 tuorum

135 2642 227 2721 Fata
245 2643 323 2723 tibi.
355 2672 480 2724 cernes
499 2647 631 2725 urbem
650 2665 687 2725 et
704 2645 876 2755 promissa
893 2645 1026 2725 Lavini

137 2779 304 2878 Moenia,
336 2782 610 2890 sublimemque
628 2784 722 2864 feres
738 2784 786 2863 ad
805 2784 919 2863 fidera
936 2784 1032 2863 coeli

137 2920 430 3028 Magnanimum
445 2924 616 3002 Aeneam
631 2962 643 3019 3
669 2950 791 3030 neque
806 2951 868 3002 me
887 2922 1062 3002 sententia
1076 2923 1195 3008 vertit.

137 3060 228 3156 Hic,
265 3059 331 3139 tibi
360 3058 467 3140 fabor
497 3061 613 3159 enim,
651 3061 802 3169 quando
837 3059 930 3141 haec
961 3077 997 3141 te
1026 3089 1115 3141 cura
1143 3091 1202 3142 re·

196 3200 355 3298 mordet,
1080 3193 1083 3197 ’
1114 3206 1167 3285 26
1176 3231 1199 3314 5

136 3340 302 3448 Longius
319 3358 358 3419 et
375 3339 525 3420 volvens
541 3339 706 3421 satorum
723 3367 854 3420 arcana
874 3342 1050 3439 movebo,

135 3478 284 3559 Bellum
301 3481 430 3589 ingens
447 3499 549 3588 geret
567 3481 683 3576 Italia,
713 3479 942 3589 populosque
959 3481 1100 3563 seroces

135 3619 362 3718 Contundet,
399 3620 592 3727 moresque
605 3619 690 3698 viris
706 3638 744 3707 et
758 3622 906 3699 moenia
923 3637 1062 3728 ponet:

134 3758 265 3839 Tertia
284 3758 378 3839 dum
394 3760 503 3840 Latio
521 3777 738 3868 regnantem
758 3758 890 3838 viderit
906 3757 1032 3853 aestas,

135 3896 336 4005 Ternaque
350 3900 553 3982 transierint
566 3899 717 3978 Rutulis
730 3896 898 4009 hyberna
912 3898 1079 3980 subasbs.
1115 3925 1200 4013 270

134 4038 190 4115 At
208 4063 300 4143 puer
312 4037 504 4137 Ascanius,
535 4039 597 4118 cui
612 4066 714 4119 nunc
731 4063 943 4144 cognomen
962 4035 1048 4120 liilo

133 4175 312 4276 Additur,
345 4176 441 4287 (llus
456 4197 545 4276 erat,
579 4179 675 4259 dum
688 4206 744 4263 res
761 4177 856 4259 stetit
870 4178 937 4287 Ilia
956 4175 1087 4286 reguo)
1222 4245 1227 4255 .

156 4306 161 4314 ’
222 4312 225 4317 ’
578 4317 663 4432 K3
1033 4314 1208 4420 Triginta
