2940 5190
352 363 1006 473 Anunrnos.L1n.Ili
1105 403 1204 506 203

129 583 309 695 Conjugis
326 583 549 665 Hectoreae.
578 604 671 690 cape
680 575 780 660 dona
796 592 966 661 menna
984 595 1154 686 morum,

131 728 172 806 0
187 719 284 807 mihi
303 719 380 802 sola
395 719 474 802 mei
490 718 600 830 super
613 714 852 825 Astyamdis
868 716 1018 828 imago!

130 863 192 946 Sic
204 859 347 957 oculos,
369 858 421 939 fic
437 856 501 939 ille
519 881 668 952 manus,
689 855 740 937 fic
759 883 824 937 ora
838 855 1008 944 ferebat:
1113 884 1215 976 49⁰·-

130 1006 182 1087 Et
196 1029 299 1089 nunc
315 1000 460 1114 aequali
477 1017 607 1081 tecum
629 997 843 1109 pubesceret
856 1026 962 1086 aevo.

131 1145 219 1227 Hos
229 1170 302 1254 ego
319 1141 530 1252 digrediens
542 1139 719 1248 lacrymis
743 1138 883 1222 affabar
900 1140 1061 1227 obortis:

132 1288 259 1370 Vivite
277 1284 414 1383 felices,
434 1281 572 1393 quibus
590 1279 645 1362 est
667 1281 818 1364 fortuna
839 1286 987 1392 perusta

15 1432 16 1437 ‘
134 1430 224 1537 Jam
241 1425 330 1509 sua:
363 1450 430 1504 nos
450 1422 520 1504 alia
539 1448 588 1502 ex
611 1420 692 1502 aliis
709 1422 749 1502 in
768 1419 845 1503 sata
857 1449 1049 1507 vocamur.
1115 1414 1214 1535 494ss

135 1565 256 1647 Vobis
271 1581 373 1676 parta
388 1563 517 1674 quies,
539 1560 690 1643 nullum
712 1561 824 1643 maris
841 1589 981 1672 aequor
997 1563 1214 1667 arandum3‘
1261 1590 1264 1597 ·

136 1709 238 1790 Arva
252 1733 375 1818 neque
395 1702 595 1801 Ausoniae,
611 1702 757 1820 semper
771 1703 940 1785 cedentia
952 1721 1064 1805 retro,
1212 1756 1217 1763 -

135 1847 370 1956 Querenda.
396 1845 562 1954 effigiem
578 1840 737 1945 Xanthi,
757 1844 1150 1955 Trojamquevidetis,
1212 1896 1215 1901 ·

136 1990 269 2096 Qum
288 1987 426 2068 vestrae
445 1983 567 2067 fecere
585 2011 731 2086 uranus,
753 1984 969 2067 melioribus
989 2005 1083 2097 opto
1212 1972 1215 1977 ’

137 2127 336 2238 Auspiciis,
353 2141 392 2205 et
406 2152 503 2235 quae
516 2124 628 2205 fuerit
641 2125 767 2204 minus
781 2124 891 2205 obvia
904 2126 1040 2211 Graiis.
1213 2112 1216 2117 ’

139 2265 178 2346 Si
196 2265 348 2375 quando
361 2263 527 2371 Tybrim
539 2262 735 2370 vicinaque
749 2261 928 2367 Tybridis
947 2291 1033 2344 arva
1124 2243 1214 2377 goe

141 2407 296 2503 intrato,
316 2402 492 2514 gentique
506 2427 612 2480 meae
625 2398 710 2480 data
722 2400 873 2482 moenia
894 2429 1059 2504 cernam,
1149 2462 1152 2469 -

140 2542 399 2651 Cognatasque
415 2540 525 2621 urbes
545 2539 653 2641 olim,
670 2538 902 2649 populosque
919 2544 1154 2655 propinquos
1198 2597 1201 2601 -

142 2684 260 2794 Epiro
274 2684 466 2794 Hesperia,
484 2682 620 2791 quibus
638 2681 742 2763 idem
756 2683 953 2765 Dardanus
973 2691 1116 2785 audior,

141 2828 272 2931 Atque
289 2823 392 2903 idern
407 2823 533 2921 casus,
564 2849 681 2902 unam
698 2821 882 2902 faciemus
898 2842 1098 2934 utramque
1212 2895 1217 2911 .

143 2963 300 3071 Trojam
314 2962 460 3044 animis.
484 2979 634 3042 maneat
644 2959 836 3042 nostrosea
850 2984 940 3043 cura
953 2982 1117 3073 nepotes.
1128 2991 1215 3079 505

206 3100 455 3184 Provehimur
471 3101 602 3211 pelago
616 3102 737 3182 vicina
755 3102 941 3183 Ceraunia
964 3105 1098 3213 jiurta:
1160 3155 1165 3163 ·
1194 3150 1200 3161 ·

146 3242 260 3323 Unde
279 3243 348 3323 iter
368 3241 530 3339 Italiam,
549 3241 747 3351 cursusque
767 3239 998 3324 breviffimus
1017 3244 1139 3330 undis,

147 3380 209 3461 Sol
229 3383 303 3463 ruit
316 3386 465 3481 interea,
485 3400 523 3462 et
542 3401 690 3463 montes
708 3382 928 3464 umbrantur
946 3368 1067 3494 opaci.

148 3522 354 3605 sternimur
365 3539 511 3632 optatae
528 3523 673 3630 gremio
684 3522 824 3604 telluris
841 3523 889 3603 ad
903 3525 1060 3623 undam,

149 3661 273 3742 Sortiti
290 3689 426 3760 remos,
447 3661 655 3773 passimque
672 3663 713 3742 in
730 3663 837 3743 litore
853 3661 953 3742 ficco
1140 3682 1221 3772 510

150 3800 316 3911 Corpora
333 3828 519 3887 curamus.
548 3801 657 3883 fessos
673 3801 783 3912 sopor
792 3800 917 3906 irrigat
927 3816 1038 3882 arnus.

150 3937 333 4020 Necdum
346 3940 478 4022 orbern
502 3941 676 4022 medium
706 3967 784 4020 nox
806 3936 908 4019 horis
926 3934 1194 4022 ana-subibat:

152 4077 269 4160 Haud
286 4080 406 4189 segnis
423 4082 535 4165 strato
552 4081 666 4193 surgit
683 4080 893 4178 Palinurus,
910 4097 949 4161 et
965 4105 1098 4163 omnes

151 4217 337 4334 Ruunt
351 4239 496 4340 rm>
510 4243 622 4342 anu
642 4222 796 4345 surus
810 4229 895 4345 ὼ
913 4239 1063 4336 cutm
1210 4274 1214 4280 ·

1101 4353 1229 4473 sidera
