2940 5190
292 420 411 521 '228
502 390 1185 535 P.V1norr11=Msnosr1s

305 624 605 734 Frondentesque
624 624 749 705 ferunt
773 652 908 725 remos,
927 644 964 709 et
981 597 1115 714 robora
1131 598 1229 715 filvi'r
1348 606 1353 613 Ι

307 762 541 860 Infabricata,
558 760 668 870 fugae
685 760 818 843 studio.
1286 798 1380 880 400
1411 742 1415 751 ¹

306 904 517 1014 Migrantes
537 930 676 1001 cernas,
694 921 845 1012 totaque
859 930 908 985 ex
925 903 1019 988 u'rbe
1032 924 1191 993 ruentes.

308 1048 371 1125 Ac
389 1040 516 1138 veluti,
538 1040 729 1149 ingentem
747 1041 927 1124 formicae
944 1042 1050 1127 farris
1061 1074 1239 1131 acervum

307 1186 414 1265 Cum
452 1179 645 1292 populant,
685 1154 820 1262 hiemis
859 1208 1058 1284 memores,
1100 1190 1276 1300 tedoque
1314 1214 1377 1272 re·

492 1338 664 1431 ponunt:

300 1465 514 1572 'Itnigrum
545 1459 689 1569 campis
715 1488 864 1569 agmen,
884 1464 1135 1577 praedamque
1152 1497 1219 1579 per
1235 1440 1375 1554 ¹herbas

307 1606 540 1684 eonvenant
551 1598 644 1680 calle
655 1601 835 1708 angusto:
854 1630 937 1712 pars
952 1606 1104 1714 grandia
1115 1609 1271 1690 trudunt
1285 1582 1373 1723 40'5

307 1743 481 1825 Obnirrae
503 1741 693 1822 frumenta
709 1736 899 1823 humeris:
930 1771 1013 1851 pars
1033 1748 1185 1855 agmina
1202 1765 1357 1859 cogunt,

305 1883 569 1992 castigantque
591 1906 737 1960 moras:
769 1906 880 1989 opere
897 1883 1020 1964 omnis
1039 1885 1169 1970 semita
1191 1889 1322 1974 servet.

365 2023 463 2130 Qis
479 2022 548 2102 tibi
561 2039 664 2118 tunc,
686 2020 802 2117 Dido,
822 2025 985 2104 cernenti
1001 2025 1088 2107 ralia
1113 2028 1235 2112 sensus
1249 2036 1282 2114 ἒ.

304 2163 455 2271 Qosve
470 2162 582 2243 dabas
598 2160 772 2269 gemitus,
793 2137 884 2241 cum
899 2162 1007 2244 litora
1028 2144 1169 2249 fervere
1183 2168 1256 2251 late
1331 2146 1349 2153 η

304 2303 534 2414 Prospiceres
556 2330 641 2384 arce
657 2330 707 2384 ex
732 2278 892 2399 summa,
911 2320 1109 2416 totumque
1122 2309 1263 2393 videres
1284 2341 1372 2420 410
1446 2318 1448 2323 ’

302 2445 459 2529 Misceri
480 2463 566 2525 ante
579 2442 708 2524 oculos
725 2442 834 2523 tantis
851 2442 1076 2528 clamoribus
1092 2457 1255 2559 aequor?

281 2666 286 2679 ,
304 2586 485 2696 improbe
499 2610 618 2680 amor,
639 2581 731 2691 quid
744 2609 821 2663 non
834 2585 1006 2667 mortalia
1028 2591 1176 2697 pectora
1192 2590 1324 2699 cogis?
1343 2568 1346 2575 ¹

302 2728 363 2808 lre
382 2727 519 2808 iterum
542 2724 582 2804 in
603 2722 797 2832 lacrymas,
816 2724 954 2806 iterum
977 2746 1115 2811 tentare
1129 2706 1335 2840 precando

230 2954 232 2959 ,
303 2870 474 2981 Cogitur,
496 2883 534 2949 et
550 2864 707 2975 supplex
730 2866 875 2947 animos
888 2865 1102 2951 submittere
1116 2874 1259 2954 amori:

285 3016 290 3025 ’
305 3013 349 3091 Ν
350 3041 371 3091 e
384 3009 477 3121 quid
494 3003 872 3116 irrexpertumsrustra
890 3010 1069 3090 moritura
1086 3012 1375 3129 relinquan415

304 3153 431 3247 Anna,
457 3146 559 3227 vides
578 3162 658 3226 toto
680 3146 865 3255 properari
892 3146 999 3227 litore
1018 3150 1173 3230 circum.

303 3288 485 3396 Undique
508 3312 738 3366 convenere:
769 3304 877 3365 vocat
895 3288 976 3394 jam
1000 3287 1167 3368 carbasus
1180 3317 1297 3393 auras,

304 3426 500 3540 Puppibus
519 3441 557 3504 et
576 3421 662 3503 laeti
685 3439 816 3502 nautae
833 3424 1041 3533 imposuere
1060 3453 1226 3512 coronas,

305 3574 423 3655 Hunc
447 3594 519 3678 ego
539 3563 567 3645 s1
582 3565 687 3675 potui
709 3580 859 3643 tantum
869 3564 1010 3673 sperare
1026 3566 1223 3665 dolorem,

305 3696 363 3796 Et'
391 3711 563 3823 perferre,
606 3692 725 3805 soror,
751 3721 893 3815 potero.
938 3704 1088 3787 miserae
1133 3705 1209 3789 hoc
1248 3725 1376 3794 tamen

490 3875 612 3931 unum
1283 3878 1372 3957 420

306 3994 531 4102 Exsequere,
547 3960 672 4087 Anna,
686 3968 807 4070 mihi:
837 3985 953 4068 solam
976 4014 1065 4069 nam
1083 3987 1247 4099 perfidus
1265 3987 1329 4072 ille

307 4137 370 4215 Te
386 4119 520 4228 colere,
534 4155 683 4209 arcanos
701 4127 816 4208 etiam
832 4128 900 4208 tibi
919 4128 1067 4208 credere
1082 4126 1227 4225 sensus,

309 4271 394 4358 Sola
411 4266 631 4391 virilmolles
643 4267 775 4368 aditus,
794 4268 838 4350 ¹et
859 4286 1029 4383 tempora
1048 4297 1169 4355 noras.

1210 4409 1239 4504 1,
1261 4405 1373 4497 soror.
