2940 5190
372 389 708 486 Auumnos.
751 389 865 484 Lrn.
902 391 990 542 11.J
1105 400 1198 496 ¹161

137 589 238 671 Ecce
255 606 394 690 autern,
408 592 551 700 gemini
569 592 763 672 aTenedo
774 593 971 701 tranquilla
987 623 1053 705 per
1067 597 1153 699 alta,
1227 609 1231 633 ³

130 731 500 837 'Horrescoreferens,
516 733 704 818 immensis
724 733 876 816 orbibus
888 763 1025 845 angues

135 858 1081 985 Incumbuntpelago,pariterqueadlitoratenduntt'
1112 909 1167 965 20
1173 910 1198 996 5

132 1008 287 1092 Pectora
298 1028 463 1121 quorum
475 1014 570 1092 inter
582 1011 716 1095 fluetus
731 1015 884 1112 arrecta,
894 1013 1081 1125 jubaeque

133 1148 593 1260 Sanguineaeexsuperant
611 1151 752 1249 undas3
781 1178 864 1259 pars
882 1169 1022 1234 caetera
1036 1175 1198 1265 pontum

98 1379 101 1384 Ι
131 1271 235 1368 Pone
254 1288 356 1398 legit,
377 1289 594 1399 finuantque
608 1288 790 1369 immensa
808 1288 1000 1371 volumine
1021 1308 1134 1401 terga.

130 1424 194 1505 Fit
212 1426 361 1526 sonitus,
378 1426 571 1538 spumante
584 1429 681 1510 salo:
707 1430 863 1538 jamque
881 1457 966 1510 arva
978 1432 1164 1530 tenebant,

130 1565 387 1675 Ardentesque
399 1568 528 1649 oculos
541 1567 685 1649 suffecti
700 1566 873 1676 sanguine
882 1587 924 1649 et
935 1569 1026 1679 igni,
1107 1599 1193 1657 210

129 1702 245 1784 Sibila
264 1704 478 1789 lambebant
493 1707 629 1817 linguis
647 1705 873 1788 vibrantibus
890 1736 982 1790 ora.¹

126 1840 360 1952 Diffugimus
378 1845 456 1928 visu
474 1826 672 1955 emngues.
702 1843 758 1925 illi
775 1848 926 1954 agmine
942 1867 1044 1931 certo

127 1981 341 2066 Laocoonta
358 2003 508 2094 petunt:
535 2004 574 2066 et
591 1986 759 2094 primum
772 2014 883 2093 parva
901 1986 1065 2069 duorum

128 2119 296 2231 Corpora
313 2140 487 2205 natorum
497 2124 644 2234 serpena
663 2121 858 2230 amplexus
872 2142 1028 2233 uterque

127 2260 313 2370 Implicat‚
326 2280 365 2342 et
380 2264 530 2343 miseros
543 2262 670 2342 morsu
688 2263 890 2369 depascitur
909 2283 1019 2349 artus.
1103 2293 1189 2376 215

129 2401 217 2487 Post
234 2402 369 2513 ipsum,
387 2401 526 2483 auxilio
547 2401 767 2482 subeuntem
779 2428 822 2482 ac
845 2399 917 2483 tela
933 2400 1128 2499 serentem,
1178 2441 1183 2450 ·

123 2541 355 2651 Corripiunt,
370 2541 543 2652 spirisque
561 2541 676 2649 ligant
699 2541 931 2648 ingentibus:
953 2542 1079 2649 etjam

126 2679 188 2761 Bis
202 2681 374 2762 medium
389 2682 565 2792 amplexi,
585 2682 639 2763 bis
655 2679 753 2763 collo
767 2681 943 2790 squamea
963 2681 1110 2764 circum

127 2821 254 2930 Terga
270 2820 359 2925 dati,
380 2822 548 2932 superant
565 2825 685 2932 capite
699 2840 736 2902 et
752 2821 954 2902 cervicibus
971 2821 1064 2904 altis.
1105 2892 1108 2901 .
1183 2870 1186 2879 ·

123 2958 193 3040 Ille
211 2959 321 3041 fimul
338 2961 509 3049 manibus
527 2962 644 3042 tendit
661 2959 834 3041 divellere
855 2959 987 3058 nodos,
1029 3035 1032 3040 .
1098 2985 1186 3043 220

125 3099 295 3180 Perfusus
315 3100 411 3183 sanie
429 3104 534 3184 vittas
551 3078 704 3211 atroque
721 3129 876 3186 veneno.
977 3194 980 3199 ,

123 3237 314 3319 Clamores
331 3240 442 3322 fimul
461 3241 664 3325 horrendos
680 3243 728 3322 ad
748 3241 862 3322 fidem
879 3239 977 3320 tollit
991 3271 1004 3323 a

124 3377 264 3475 Quales
285 3380 463 3488 mugitus,
480 3381 579 3491 fugit
593 3408 686 3462 cum
699 3380 841 3476 saucius
856 3406 961 3459 aram

123 3518 283 3616 Taurus,
299 3536 336 3600 et
354 3521 533 3602 incertam
543 3521 698 3603 excuffit
710 3520 852 3603 cervice
872 3518 1042 3602 securim.
1174 3568 1177 3574 -

47 3636 52 3643 ⁸
123 3661 178 3737 At
196 3660 336 3766 gemini
352 3660 454 3773 lapsu
472 3663 625 3746 delubra
643 3663 692 3744 ad
711 3663 860 3742 summa
873 3661 1048 3740 dracones
1099 3681 1184 3767 225

122 3796 332 3904 Effugiunt‚
358 3803 556 3915 saevaeque
572 3821 705 3914 petunt
722 3798 939 3883 Tritonidis.
953 3823 1096 3875 arcem:
1163 3817 1175 3878 “.

122 3936 198 4015 Sub
212 3936 437 4048 pedibusque
453 3944 555 4042 deae,
577 3940 773 4051 clypeique
787 3935 855 4016 sub
868 3932 957 4014 orbe
971 3948 1157 4040 teguntur.

120 4064 229 4154 Tum
247 4103 335 4156 vero
358 4082 572 4167 tremefasta
588 4107 707 4162 novus
726 4105 792 4189 per
809 4076 959 4185 pestora
970 4070 1113 4151 cunctis

120 4213 282 4338 Insnuat
294 4243 433 4338 pavqre
464 4238 501 4338 et
515 4220 630 4304 scelus
648 4212 859 4338 expendisse
878 4226 1088 4297 merentem

478 4433 481 4437 ,
525 4371 526 4374 ‘
603 4358 658 4440 ‚M
921 4410 923 4415 ι
975 4351 1192 4432 Laocoonta
