<?xml version="1.0" encoding="UTF-8"?>
<!DOCTYPE html PUBLIC "-//W3C//DTD XHTML 1.0 Transitional//EN"
    "http://www.w3.org/TR/xhtml1/DTD/xhtml1-transitional.dtd">
<html xmlns="http://www.w3.org/1999/xhtml" xml:lang="en" lang="en">
 <head>
  <title>
</title>
<meta http-equiv="Content-Type" content="text/html;charset=utf-8" />
  <meta name='ocr-system' content='tesseract 3.04.00' />
  <meta name='ocr-capabilities' content='ocr_page ocr_carea ocr_par ocr_line ocrx_word'/>
</head>
<body>
  <div class='ocr_page' id='page_1' title='image "./publiivirgiliim01schegoog/publiivirgiliim01schegoog_0098.png"; bbox 0 0 2940 5190; ppageno 0'>
   <div class='ocr_carea' id='block_1_1' title="bbox 365 335 1223 466">
    <p class='ocr_par' dir='ltr' id='par_1_1' title="bbox 365 335 1223 466">
     <span class='ocr_line' id='line_1_1' title="bbox 365 335 1223 466; baseline 0.003 -39"><span class='ocrx_word' id='word_1_1' title='bbox 365 336 743 429; x_wconf 66' lang='lat' dir='ltr'>Gnosotcm</span> <span class='ocrx_word' id='word_1_2' title='bbox 785 336 910 431; x_wconf 71' lang='lat' dir='ltr'>Lan.</span> <span class='ocrx_word' id='word_1_3' title='bbox 945 335 983 430; x_wconf 83' lang='lat'>1.</span> <span class='ocrx_word' id='word_1_4' title='bbox 1159 369 1223 466; x_wconf 71' lang='lat'>39</span> 
     </span>
    </p>
   </div>
   <div class='ocr_carea' id='block_1_2' title="bbox 38 524 1299 2176">
    <p class='ocr_par' dir='ltr' id='par_1_2' title="bbox 45 524 1213 776">
     <span class='ocr_line' id='line_1_2' title="bbox 45 524 1213 638; baseline 0.006 -32"><span class='ocrx_word' id='word_1_5' title='bbox 45 627 49 632; x_wconf 15' lang='grc' dir='ltr'><em>ι</em></span> <span class='ocrx_word' id='word_1_6' title='bbox 152 526 374 638; x_wconf 88' lang='lat' dir='ltr'>Ignarosque</span> <span class='ocrx_word' id='word_1_7' title='bbox 392 528 472 609; x_wconf 87' lang='lat' dir='ltr'>viae</span> <span class='ocrx_word' id='word_1_8' title='bbox 487 555 642 609; x_wconf 91' lang='lat' dir='ltr'>mecum</span> <span class='ocrx_word' id='word_1_9' title='bbox 656 525 845 607; x_wconf 88' lang='lat' dir='ltr'>miseratus</span> <span class='ocrx_word' id='word_1_10' title='bbox 866 524 1026 634; x_wconf 87' lang='lat' dir='ltr'>agrestes</span> <span class='ocrx_word' id='word_1_11' title='bbox 1159 555 1213 636; x_wconf 82' lang='lat'>41</span> 
     </span>
     <span class='ocr_line' id='line_1_3' title="bbox 150 663 1070 776; baseline 0.004 -30"><span class='ocrx_word' id='word_1_12' title='bbox 150 665 358 774; x_wconf 83' lang='lat' dir='ltr'>Ingredere,</span> <span class='ocrx_word' id='word_1_13' title='bbox 380 685 417 748; x_wconf 91' lang='lat' dir='ltr'>et</span> <span class='ocrx_word' id='word_1_14' title='bbox 438 663 531 749; x_wconf 87' lang='lat' dir='ltr'>votis</span> <span class='ocrx_word' id='word_1_15' title='bbox 550 669 631 776; x_wconf 86' lang='lat' dir='ltr'>jam</span> <span class='ocrx_word' id='word_1_16' title='bbox 647 693 748 747; x_wconf 90' lang='lat' dir='ltr'>nunc</span> <span class='ocrx_word' id='word_1_17' title='bbox 766 665 922 746; x_wconf 80' lang='lat' dir='ltr'>assuesce</span> <span class='ocrx_word' id='word_1_18' title='bbox 935 665 1070 750; x_wconf 78' lang='lat' dir='ltr'>vorari.</span> 
     </span>
    </p>

    <p class='ocr_par' dir='ltr' id='par_1_3' title="bbox 142 806 1299 1055">
     <span class='ocr_line' id='line_1_4' title="bbox 142 806 1299 916; baseline 0.003 -32"><span class='ocrx_word' id='word_1_19' title='bbox 142 862 148 874; x_wconf 80' lang='lat'><em>.</em></span> <span class='ocrx_word' id='word_1_20' title='bbox 187 861 191 865; x_wconf 63' lang='lat'>,</span> <span class='ocrx_word' id='word_1_21' title='bbox 210 806 307 889; x_wconf 87' lang='lat' dir='ltr'>Vere</span> <span class='ocrx_word' id='word_1_22' title='bbox 319 835 431 910; x_wconf 90' lang='lat' dir='ltr'>novo,</span> <span class='ocrx_word' id='word_1_23' title='bbox 445 809 588 916; x_wconf 89' lang='lat' dir='ltr'>gelidus</span> <span class='ocrx_word' id='word_1_24' title='bbox 609 809 709 889; x_wconf 91' lang='lat' dir='ltr'>canis</span> <span class='ocrx_word' id='word_1_25' title='bbox 722 835 813 889; x_wconf 93' lang='lat' dir='ltr'>cum</span> <span class='ocrx_word' id='word_1_26' title='bbox 825 808 1024 890; x_wconf 67' lang='lat' dir='ltr'>‘montibus</span> <span class='ocrx_word' id='word_1_27' title='bbox 1039 806 1180 888; x_wconf 90' lang='lat' dir='ltr'>humor</span> <span class='ocrx_word' id='word_1_28' title='bbox 1297 906 1299 911; x_wconf 10' lang='lat'><strong>¹</strong></span> 
     </span>
     <span class='ocr_line' id='line_1_5' title="bbox 147 939 1079 1055; baseline 0.008 -37"><span class='ocrx_word' id='word_1_29' title='bbox 147 939 333 1050; x_wconf 87' lang='lat' dir='ltr'>Liquitur,</span> <span class='ocrx_word' id='word_1_30' title='bbox 351 962 389 1025; x_wconf 91' lang='lat' dir='ltr'>et</span> <span class='ocrx_word' id='word_1_31' title='bbox 407 944 587 1055; x_wconf 89' lang='lat' dir='ltr'>Zephyro</span> <span class='ocrx_word' id='word_1_32' title='bbox 600 947 717 1055; x_wconf 88' lang='lat' dir='ltr'>putris</span> <span class='ocrx_word' id='word_1_33' title='bbox 732 945 768 1026; x_wconf 94' lang='lat' dir='ltr'>se</span> <span class='ocrx_word' id='word_1_34' title='bbox 782 943 890 1052; x_wconf 88' lang='lat' dir='ltr'>gleba</span> <span class='ocrx_word' id='word_1_35' title='bbox 909 945 1079 1043; x_wconf 74' lang='lat' dir='ltr'>resolvit,</span> 
     </span>
    </p>

    <p class='ocr_par' dir='ltr' id='par_1_4' title="bbox 120 1066 1214 1334">
     <span class='ocr_line' id='line_1_6' title="bbox 120 1066 1214 1198; baseline 0.005 -37"><span class='ocrx_word' id='word_1_36' title='bbox 120 1090 129 1155; x_wconf 93' lang='grc'>’.</span> <span class='ocrx_word' id='word_1_37' title='bbox 146 1082 327 1193; x_wconf 86' lang='lat' dir='ltr'>Depresso</span> <span class='ocrx_word' id='word_1_38' title='bbox 348 1066 501 1196; x_wconf 88' lang='lat' dir='ltr'>incipiat</span> <span class='ocrx_word' id='word_1_39' title='bbox 520 1089 704 1196; x_wconf 89' lang='lat' dir='ltr'>jamtum</span> <span class='ocrx_word' id='word_1_40' title='bbox 720 1085 817 1167; x_wconf 90' lang='lat' dir='ltr'>mihi</span> <span class='ocrx_word' id='word_1_41' title='bbox 838 1103 965 1168; x_wconf 85' lang='lat' dir='ltr'>taurus</span> <span class='ocrx_word' id='word_1_42' title='bbox 982 1103 1100 1168; x_wconf 86' lang='lat' dir='ltr'>aratro</span> <span class='ocrx_word' id='word_1_43' title='bbox 1157 1109 1183 1191; x_wconf 83' lang='lat'>4</span> <span class='ocrx_word' id='word_1_44' title='bbox 1189 1108 1214 1198; x_wconf 77' lang='grc' dir='ltr'><em>ς</em></span> 
     </span>
     <span class='ocr_line' id='line_1_7' title="bbox 146 1221 1105 1334; baseline 0.006 -35"><span class='ocrx_word' id='word_1_45' title='bbox 146 1221 355 1330; x_wconf 88' lang='lat' dir='ltr'>Ingemere‚</span> <span class='ocrx_word' id='word_1_46' title='bbox 366 1242 409 1304; x_wconf 88' lang='lat' dir='ltr'>et</span> <span class='ocrx_word' id='word_1_47' title='bbox 420 1225 522 1331; x_wconf 91' lang='lat' dir='ltr'>sulco</span> <span class='ocrx_word' id='word_1_48' title='bbox 539 1228 681 1307; x_wconf 89' lang='lat' dir='ltr'>attritus</span> <span class='ocrx_word' id='word_1_49' title='bbox 699 1226 947 1334; x_wconf 86' lang='lat' dir='ltr'>splendescere</span> <span class='ocrx_word' id='word_1_50' title='bbox 963 1251 1105 1307; x_wconf 83' lang='lat' dir='ltr'>vomer.</span> 
     </span>
    </p>

    <p class='ocr_par' dir='ltr' id='par_1_5' title="bbox 146 1363 943 1479">
     <span class='ocr_line' id='line_1_8' title="bbox 146 1363 943 1479; baseline 0.01 -38"><span class='ocrx_word' id='word_1_51' title='bbox 146 1363 216 1443; x_wconf 90' lang='lat' dir='ltr'>Illa</span> <span class='ocrx_word' id='word_1_52' title='bbox 236 1366 334 1475; x_wconf 86' lang='lat' dir='ltr'>seges</span> <span class='ocrx_word' id='word_1_53' title='bbox 348 1368 507 1450; x_wconf 87' lang='lat' dir='ltr'>demum</span> <span class='ocrx_word' id='word_1_54' title='bbox 526 1370 618 1450; x_wconf 85' lang='lat' dir='ltr'>votis</span> <span class='ocrx_word' id='word_1_55' title='bbox 636 1369 829 1479; x_wconf 85' lang='lat' dir='ltr'>respondet</span> <span class='ocrx_word' id='word_1_56' title='bbox 845 1371 943 1451; x_wconf 86' lang='lat' dir='ltr'>avari</span> 
     </span>
    </p>

    <p class='ocr_par' dir='ltr' id='par_1_6' title="bbox 147 1507 1060 1621">
     <span class='ocr_line' id='line_1_9' title="bbox 147 1507 1060 1621; baseline 0.007 -37"><span class='ocrx_word' id='word_1_57' title='bbox 147 1507 358 1613; x_wconf 87' lang='lat' dir='ltr'>Agricolae,</span> <span class='ocrx_word' id='word_1_58' title='bbox 384 1511 438 1591; x_wconf 90' lang='lat' dir='ltr'>bis</span> <span class='ocrx_word' id='word_1_59' title='bbox 453 1540 548 1620; x_wconf 88' lang='lat' dir='ltr'>quae</span> <span class='ocrx_word' id='word_1_60' title='bbox 562 1511 690 1610; x_wconf 88' lang='lat' dir='ltr'>solem,</span> <span class='ocrx_word' id='word_1_61' title='bbox 708 1513 762 1592; x_wconf 88' lang='lat' dir='ltr'>bis</span> <span class='ocrx_word' id='word_1_62' title='bbox 779 1511 917 1621; x_wconf 85' lang='lat' dir='ltr'>frigora</span> <span class='ocrx_word' id='word_1_63' title='bbox 935 1511 1060 1593; x_wconf 84' lang='lat' dir='ltr'>senfit:</span> 
     </span>
    </p>

    <p class='ocr_par' dir='ltr' id='par_1_7' title="bbox 146 1629 1049 1762">
     <span class='ocr_line' id='line_1_10' title="bbox 146 1629 1049 1762; baseline 0.011 -38"><span class='ocrx_word' id='word_1_64' title='bbox 146 1644 252 1729; x_wconf 86' lang='lat' dir='ltr'>Illius</span> <span class='ocrx_word' id='word_1_65' title='bbox 272 1650 476 1733; x_wconf 83' lang='lat' dir='ltr'>immensae</span> <span class='ocrx_word' id='word_1_66' title='bbox 494 1670 673 1762; x_wconf 90' lang='lat' dir='ltr'>ruperunt</span> <span class='ocrx_word' id='word_1_67' title='bbox 692 1651 824 1732; x_wconf 88' lang='lat' dir='ltr'>horrea</span> <span class='ocrx_word' id='word_1_68' title='bbox 842 1652 982 1735; x_wconf 78' lang='lat' dir='ltr'>messes.</span> <span class='ocrx_word' id='word_1_69' title='bbox 1044 1629 1049 1641; x_wconf 50' lang='grc'>’</span> 
     </span>
    </p>

    <p class='ocr_par' dir='ltr' id='par_1_8' title="bbox 38 1785 1212 2176">
     <span class='ocr_line' id='line_1_11' title="bbox 38 1785 1212 1907; baseline 0.01 -46"><span class='ocrx_word' id='word_1_70' title='bbox 38 1895 41 1907; x_wconf 24' lang='lat'>⁸</span> <span class='ocrx_word' id='word_1_71' title='bbox 144 1785 199 1862; x_wconf 87' lang='lat' dir='ltr'>At</span> <span class='ocrx_word' id='word_1_72' title='bbox 210 1786 311 1893; x_wconf 90' lang='lat' dir='ltr'>prius</span> <span class='ocrx_word' id='word_1_73' title='bbox 324 1788 497 1896; x_wconf 88' lang='lat' dir='ltr'>ignotum</span> <span class='ocrx_word' id='word_1_74' title='bbox 511 1788 608 1871; x_wconf 86' lang='lat' dir='ltr'>ferro</span> <span class='ocrx_word' id='word_1_75' title='bbox 626 1817 745 1900; x_wconf 88' lang='lat' dir='ltr'>quam</span> <span class='ocrx_word' id='word_1_76' title='bbox 760 1789 962 1872; x_wconf 89' lang='lat' dir='ltr'>scindimus</span> <span class='ocrx_word' id='word_1_77' title='bbox 979 1815 1131 1899; x_wconf 89' lang='lat' dir='ltr'>aequor,</span> <span class='ocrx_word' id='word_1_78' title='bbox 1157 1815 1212 1902; x_wconf 80' lang='lat'>50</span> 
     </span>
     <span class='ocr_line' id='line_1_12' title="bbox 143 1907 1193 2040; baseline 0.009 -37"><span class='ocrx_word' id='word_1_79' title='bbox 143 1922 296 2024; x_wconf 89' lang='lat' dir='ltr'>Ventos,</span> <span class='ocrx_word' id='word_1_80' title='bbox 316 1947 354 2008; x_wconf 89' lang='lat' dir='ltr'>et</span> <span class='ocrx_word' id='word_1_81' title='bbox 371 1932 517 2010; x_wconf 89' lang='lat' dir='ltr'>varium</span> <span class='ocrx_word' id='word_1_82' title='bbox 535 1931 631 2012; x_wconf 88' lang='lat' dir='ltr'>coeli</span> <span class='ocrx_word' id='word_1_83' title='bbox 652 1930 875 2040; x_wconf 88' lang='lat' dir='ltr'>praediscere</span> <span class='ocrx_word' id='word_1_84' title='bbox 892 1959 1041 2011; x_wconf 91' lang='lat' dir='ltr'>morem</span> <span class='ocrx_word' id='word_1_85' title='bbox 1189 1907 1193 1917; x_wconf 38' lang='lat'><strong><em>¹</em></strong></span> 
     </span>
     <span class='ocr_line' id='line_1_13' title="bbox 136 2064 1202 2176; baseline 0.007 -34"><span class='ocrx_word' id='word_1_86' title='bbox 136 2064 311 2162; x_wconf 76' lang='lat' dir='ltr'>Curam,</span> <span class='ocrx_word' id='word_1_87' title='bbox 330 2095 373 2147; x_wconf 88' lang='lat' dir='ltr'>ac</span> <span class='ocrx_word' id='word_1_88' title='bbox 385 2069 520 2176; x_wconf 88' lang='lat' dir='ltr'>patrios</span> <span class='ocrx_word' id='word_1_89' title='bbox 534 2066 727 2175; x_wconf 91' lang='lat' dir='ltr'>cultusque</span> <span class='ocrx_word' id='word_1_90' title='bbox 746 2064 965 2175; x_wconf 89' lang='lat' dir='ltr'>habitusque</span> <span class='ocrx_word' id='word_1_91' title='bbox 983 2067 1155 2149; x_wconf 91' lang='lat' dir='ltr'>locorum</span> <span class='ocrx_word' id='word_1_92' title='bbox 1171 2097 1202 2149; x_wconf 84' lang='lat'>:-</span> 
     </span>
    </p>
   </div>
   <div class='ocr_carea' id='block_1_3' title="bbox 141 2205 1355 2315">
    <p class='ocr_par' dir='ltr' id='par_1_9' title="bbox 141 2205 1355 2315">
     <span class='ocr_line' id='line_1_14' title="bbox 141 2205 1355 2315; baseline 0.006 -30"><span class='ocrx_word' id='word_1_93' title='bbox 141 2205 194 2286; x_wconf 88' lang='lat' dir='ltr'>Et</span> <span class='ocrx_word' id='word_1_94' title='bbox 206 2207 299 2315; x_wconf 92' lang='lat' dir='ltr'>quid</span> <span class='ocrx_word' id='word_1_95' title='bbox 311 2236 480 2315; x_wconf 87' lang='lat' dir='ltr'>quaeque</span> <span class='ocrx_word' id='word_1_96' title='bbox 492 2208 708 2314; x_wconf 88' lang='lat' dir='ltr'>seratregio,</span> <span class='ocrx_word' id='word_1_97' title='bbox 722 2224 759 2287; x_wconf 92' lang='lat' dir='ltr'>et</span> <span class='ocrx_word' id='word_1_98' title='bbox 771 2208 1045 2315; x_wconf 87' lang='lat' dir='ltr'>quidquaeque</span> <span class='ocrx_word' id='word_1_99' title='bbox 1059 2210 1211 2292; x_wconf 87' lang='lat' dir='ltr'>recuset.</span> <span class='ocrx_word' id='word_1_100' title='bbox 1351 2298 1355 2306; x_wconf 63' lang='grc'>,</span> 
     </span>
    </p>
   </div>
   <div class='ocr_carea' id='block_1_4' title="bbox 135 2342 1229 4141">
    <p class='ocr_par' dir='ltr' id='par_1_10' title="bbox 143 2342 948 2453">
     <span class='ocr_line' id='line_1_15' title="bbox 143 2342 948 2453; baseline 0.007 -32"><span class='ocrx_word' id='word_1_101' title='bbox 143 2342 222 2425; x_wconf 89' lang='lat' dir='ltr'>Hic</span> <span class='ocrx_word' id='word_1_102' title='bbox 241 2346 390 2453; x_wconf 90' lang='lat' dir='ltr'>segetes,</span> <span class='ocrx_word' id='word_1_103' title='bbox 407 2347 484 2426; x_wconf 94' lang='lat' dir='ltr'>illic</span> <span class='ocrx_word' id='word_1_104' title='bbox 500 2348 655 2427; x_wconf 89' lang='lat' dir='ltr'>veniunt</span> <span class='ocrx_word' id='word_1_105' title='bbox 671 2346 817 2427; x_wconf 87' lang='lat' dir='ltr'>felicius</span> <span class='ocrx_word' id='word_1_106' title='bbox 834 2374 948 2427; x_wconf 87' lang='lat' dir='ltr'>uvae:</span> 
     </span>
    </p>

    <p class='ocr_par' dir='ltr' id='par_1_11' title="bbox 138 2485 1211 2867">
     <span class='ocr_line' id='line_1_16' title="bbox 141 2485 1211 2603; baseline 0.007 -39"><span class='ocrx_word' id='word_1_107' title='bbox 141 2485 301 2569; x_wconf 88' lang='lat' dir='ltr'>Arborei</span> <span class='ocrx_word' id='word_1_108' title='bbox 317 2487 436 2568; x_wconf 87' lang='lat' dir='ltr'>foetus</span> <span class='ocrx_word' id='word_1_109' title='bbox 452 2487 552 2587; x_wconf 89' lang='lat' dir='ltr'>alibi,</span> <span class='ocrx_word' id='word_1_110' title='bbox 573 2506 684 2597; x_wconf 87' lang='lat' dir='ltr'>atque</span> <span class='ocrx_word' id='word_1_111' title='bbox 704 2486 832 2596; x_wconf 87' lang='lat' dir='ltr'>injussa</span> <span class='ocrx_word' id='word_1_112' title='bbox 853 2488 1036 2571; x_wconf 88' lang='lat' dir='ltr'>virescunt</span> <span class='ocrx_word' id='word_1_113' title='bbox 1155 2517 1211 2603; x_wconf 79' lang='lat'>55</span> 
     </span>
     <span class='ocr_line' id='line_1_17' title="bbox 138 2629 1195 2729; baseline 0.007 -23"><span class='ocrx_word' id='word_1_114' title='bbox 138 2629 334 2711; x_wconf 88' lang='lat' dir='ltr'>Gramina.</span> <span class='ocrx_word' id='word_1_115' title='bbox 366 2657 491 2710; x_wconf 87' lang='lat' dir='ltr'>nonne</span> <span class='ocrx_word' id='word_1_116' title='bbox 509 2629 624 2725; x_wconf 90' lang='lat' dir='ltr'>vides,</span> <span class='ocrx_word' id='word_1_117' title='bbox 641 2655 792 2710; x_wconf 88' lang='lat' dir='ltr'>croceos</span> <span class='ocrx_word' id='word_1_118' title='bbox 811 2648 853 2710; x_wconf 94' lang='lat' dir='ltr'>ut</span> <span class='ocrx_word' id='word_1_119' title='bbox 867 2631 1031 2714; x_wconf 90' lang='lat' dir='ltr'>Tmolus</span> <span class='ocrx_word' id='word_1_120' title='bbox 1048 2631 1195 2729; x_wconf 81' lang='lat' dir='ltr'>odores,</span> 
     </span>
     <span class='ocr_line' id='line_1_18' title="bbox 140 2767 995 2867; baseline 0.013 -23"><span class='ocrx_word' id='word_1_121' title='bbox 140 2767 246 2847; x_wconf 88' lang='lat' dir='ltr'>India</span> <span class='ocrx_word' id='word_1_122' title='bbox 260 2771 378 2850; x_wconf 90' lang='lat' dir='ltr'>mittit</span> <span class='ocrx_word' id='word_1_123' title='bbox 388 2771 493 2867; x_wconf 88' lang='lat' dir='ltr'>ebur,</span> <span class='ocrx_word' id='word_1_124' title='bbox 514 2769 645 2850; x_wconf 91' lang='lat' dir='ltr'>molles</span> <span class='ocrx_word' id='word_1_125' title='bbox 663 2771 725 2851; x_wconf 89' lang='lat' dir='ltr'>sua</span> <span class='ocrx_word' id='word_1_126' title='bbox 744 2790 824 2850; x_wconf 90' lang='lat' dir='ltr'>tura</span> <span class='ocrx_word' id='word_1_127' title='bbox 838 2772 995 2856; x_wconf 85' lang='lat' dir='ltr'>Sabaei?</span> 
     </span>
    </p>

    <p class='ocr_par' dir='ltr' id='par_1_12' title="bbox 135 2907 1229 4141">
     <span class='ocr_line' id='line_1_19' title="bbox 139 2907 1154 3017; baseline 0.006 -32"><span class='ocrx_word' id='word_1_128' title='bbox 139 2908 194 2986; x_wconf 84' lang='lat' dir='ltr'>At</span> <span class='ocrx_word' id='word_1_129' title='bbox 210 2907 396 3017; x_wconf 84' lang='lat' dir='ltr'>Chalybes</span> <span class='ocrx_word' id='word_1_130' title='bbox 412 2911 504 2990; x_wconf 92' lang='lat' dir='ltr'>nudi</span> <span class='ocrx_word' id='word_1_131' title='bbox 520 2910 674 3004; x_wconf 87' lang='lat' dir='ltr'>serrum,</span> <span class='ocrx_word' id='word_1_132' title='bbox 690 2909 878 3015; x_wconf 91' lang='lat' dir='ltr'>virosaque</span> <span class='ocrx_word' id='word_1_133' title='bbox 889 2911 1030 2990; x_wconf 87' lang='lat' dir='ltr'>Pontus</span> <span class='ocrx_word' id='word_1_134' title='bbox 1150 2991 1154 3000; x_wconf 84' lang='grc'>,</span> 
     </span>
     <span class='ocr_line' id='line_1_20' title="bbox 138 3036 1229 3159; baseline 0.008 -33"><span class='ocrx_word' id='word_1_135' title='bbox 138 3048 325 3150; x_wconf 85' lang='lat' dir='ltr'>Castorea,</span> <span class='ocrx_word' id='word_1_136' title='bbox 343 3051 519 3131; x_wconf 87' lang='lat' dir='ltr'>Eliadum</span> <span class='ocrx_word' id='word_1_137' title='bbox 532 3049 675 3159; x_wconf 89' lang='lat' dir='ltr'>palmas</span> <span class='ocrx_word' id='word_1_138' title='bbox 694 3049 831 3159; x_wconf 89' lang='lat' dir='ltr'>Epirus</span> <span class='ocrx_word' id='word_1_139' title='bbox 850 3056 1060 3157; x_wconf 87' lang='lat' dir='ltr'>equarum?</span> <span class='ocrx_word' id='word_1_140' title='bbox 1131 3036 1163 3146; x_wconf 55' lang='grc' dir='ltr'>ἱ</span> <span class='ocrx_word' id='word_1_141' title='bbox 1224 3128 1229 3135; x_wconf 87' lang='grc'><strong>.</strong></span> 
     </span>
     <span class='ocr_line' id='line_1_21' title="bbox 139 3186 1210 3298; baseline 0.012 -34"><span class='ocrx_word' id='word_1_142' title='bbox 139 3187 329 3269; x_wconf 89' lang='lat' dir='ltr'>Continuo</span> <span class='ocrx_word' id='word_1_143' title='bbox 347 3188 414 3269; x_wconf 89' lang='lat' dir='ltr'>has</span> <span class='ocrx_word' id='word_1_144' title='bbox 427 3190 524 3297; x_wconf 89' lang='lat' dir='ltr'>leges</span> <span class='ocrx_word' id='word_1_145' title='bbox 541 3209 761 3298; x_wconf 87' lang='lat' dir='ltr'>aeternaque</span> <span class='ocrx_word' id='word_1_146' title='bbox 783 3186 932 3269; x_wconf 87' lang='lat' dir='ltr'>foedera</span> <span class='ocrx_word' id='word_1_147' title='bbox 952 3191 1060 3271; x_wconf 89' lang='lat' dir='ltr'>certis</span> <span class='ocrx_word' id='word_1_148' title='bbox 1153 3192 1210 3278; x_wconf 88' lang='lat'>60</span> 
     </span>
     <span class='ocr_line' id='line_1_22' title="bbox 139 3326 1074 3437; baseline 0.005 -32"><span class='ocrx_word' id='word_1_149' title='bbox 139 3326 320 3436; x_wconf 86' lang='lat' dir='ltr'>Imposuit</span> <span class='ocrx_word' id='word_1_150' title='bbox 337 3347 467 3409; x_wconf 88' lang='lat' dir='ltr'>natura</span> <span class='ocrx_word' id='word_1_151' title='bbox 485 3329 599 3425; x_wconf 80' lang='lat' dir='ltr'>locis3</span> <span class='ocrx_word' id='word_1_152' title='bbox 625 3356 703 3436; x_wconf 92' lang='lat' dir='ltr'>quo</span> <span class='ocrx_word' id='word_1_153' title='bbox 716 3347 884 3437; x_wconf 89' lang='lat' dir='ltr'>tempore</span> <span class='ocrx_word' id='word_1_154' title='bbox 903 3330 1074 3437; x_wconf 92' lang='lat' dir='ltr'>primum</span> 
     </span>
     <span class='ocr_line' id='line_1_23' title="bbox 136 3467 1200 3578; baseline 0.008 -32"><span class='ocrx_word' id='word_1_155' title='bbox 136 3467 349 3548; x_wconf 90' lang='lat' dir='ltr'>Deucalion</span> <span class='ocrx_word' id='word_1_156' title='bbox 368 3498 532 3551; x_wconf 74' lang='lat' dir='ltr'>uacuum</span> <span class='ocrx_word' id='word_1_157' title='bbox 551 3470 689 3578; x_wconf 89' lang='lat' dir='ltr'>lapides</span> <span class='ocrx_word' id='word_1_158' title='bbox 703 3470 853 3577; x_wconf 66' lang='lat' dir='ltr'>jac&#39;tavit</span> <span class='ocrx_word' id='word_1_159' title='bbox 874 3472 913 3548; x_wconf 92' lang='lat' dir='ltr'>in</span> <span class='ocrx_word' id='word_1_160' title='bbox 931 3471 1089 3555; x_wconf 84' lang='lat' dir='ltr'>orbem:</span> <span class='ocrx_word' id='word_1_161' title='bbox 1195 3518 1200 3561; x_wconf 88' lang='grc'>;</span> 
     </span>
     <span class='ocr_line' id='line_1_24' title="bbox 136 3604 1211 3714; baseline 0.003 -30"><span class='ocrx_word' id='word_1_162' title='bbox 136 3604 250 3685; x_wconf 91' lang='lat' dir='ltr'>Unde</span> <span class='ocrx_word' id='word_1_163' title='bbox 267 3604 441 3687; x_wconf 88' lang='lat' dir='ltr'>homines</span> <span class='ocrx_word' id='word_1_164' title='bbox 458 3607 547 3702; x_wconf 89' lang='lat' dir='ltr'>nati,</span> <span class='ocrx_word' id='word_1_165' title='bbox 569 3607 708 3686; x_wconf 92' lang='lat' dir='ltr'>durum</span> <span class='ocrx_word' id='word_1_166' title='bbox 726 3632 854 3714; x_wconf 86' lang='lat' dir='ltr'>genus.</span> <span class='ocrx_word' id='word_1_167' title='bbox 886 3635 976 3714; x_wconf 89' lang='lat' dir='ltr'>ergo</span> <span class='ocrx_word' id='word_1_168' title='bbox 993 3634 1075 3714; x_wconf 84' lang='lat' dir='ltr'>age,</span> <span class='ocrx_word' id='word_1_169' title='bbox 1095 3626 1211 3703; x_wconf 74' lang='lat' dir='ltr'>terrae</span> 
     </span>
     <span class='ocr_line' id='line_1_25' title="bbox 136 3743 1198 3855; baseline 0 -30"><span class='ocrx_word' id='word_1_170' title='bbox 136 3743 280 3854; x_wconf 90' lang='lat' dir='ltr'>Pingue</span> <span class='ocrx_word' id='word_1_171' title='bbox 299 3744 421 3830; x_wconf 91' lang='lat' dir='ltr'>solum</span> <span class='ocrx_word' id='word_1_172' title='bbox 438 3748 569 3855; x_wconf 89' lang='lat' dir='ltr'>primis</span> <span class='ocrx_word' id='word_1_173' title='bbox 586 3745 777 3854; x_wconf 89' lang='lat' dir='ltr'>extemplo</span> <span class='ocrx_word' id='word_1_174' title='bbox 794 3774 815 3824; x_wconf 91' lang='lat' dir='ltr'>a</span> <span class='ocrx_word' id='word_1_175' title='bbox 830 3745 1018 3824; x_wconf 75' lang='lat' dir='ltr'>mensibus</span> <span class='ocrx_word' id='word_1_176' title='bbox 1035 3745 1123 3825; x_wconf 88' lang='lat' dir='ltr'>anni</span> <span class='ocrx_word' id='word_1_177' title='bbox 1194 3798 1198 3846; x_wconf 93' lang='lat'>:</span> 
     </span>
     <span class='ocr_line' id='line_1_26' title="bbox 136 3882 1209 3996; baseline 0.003 -34"><span class='ocrx_word' id='word_1_178' title='bbox 136 3884 266 3964; x_wconf 85' lang='lat' dir='ltr'>Fortes</span> <span class='ocrx_word' id='word_1_179' title='bbox 283 3884 465 3967; x_wconf 87' lang='lat' dir='ltr'>invertant</span> <span class='ocrx_word' id='word_1_180' title='bbox 477 3886 596 3981; x_wconf 85' lang='lat' dir='ltr'>tauri;</span> <span class='ocrx_word' id='word_1_181' title='bbox 627 3882 825 3991; x_wconf 88' lang='lat' dir='ltr'>glebasque</span> <span class='ocrx_word' id='word_1_182' title='bbox 837 3882 1002 3988; x_wconf 87' lang='lat' dir='ltr'>jacentes</span> <span class='ocrx_word' id='word_1_183' title='bbox 1153 3884 1209 3996; x_wconf 81' lang='lat'>65</span> 
     </span>
     <span class='ocr_line' id='line_1_27' title="bbox 135 4020 1029 4141; baseline 0.003 -40"><span class='ocrx_word' id='word_1_184' title='bbox 135 4020 398 4141; x_wconf 80' lang='lat' dir='ltr'>I’ulverulenta</span> <span class='ocrx_word' id='word_1_185' title='bbox 414 4041 553 4133; x_wconf 86' lang='lat' dir='ltr'>coquat</span> <span class='ocrx_word' id='word_1_186' title='bbox 573 4023 727 4104; x_wconf 87' lang='lat' dir='ltr'>maturis</span> <span class='ocrx_word' id='word_1_187' title='bbox 745 4020 881 4102; x_wconf 90' lang='lat' dir='ltr'>solibus</span> <span class='ocrx_word' id='word_1_188' title='bbox 903 4020 1029 4105; x_wconf 88' lang='lat' dir='ltr'>aestas.</span> 
     </span>
    </p>
   </div>
   <div class='ocr_carea' id='block_1_5' title="bbox 135 4157 1217 4404">
    <p class='ocr_par' dir='ltr' id='par_1_13' title="bbox 135 4157 1217 4404">
     <span class='ocr_line' id='line_1_28' title="bbox 135 4157 1198 4286; baseline -0.011 -42"><span class='ocrx_word' id='word_1_189' title='bbox 135 4157 237 4243; x_wconf 84' lang='lat' dir='ltr'>Atfi</span> <span class='ocrx_word' id='word_1_190' title='bbox 261 4187 338 4245; x_wconf 90' lang='lat' dir='ltr'>non</span> <span class='ocrx_word' id='word_1_191' title='bbox 354 4161 467 4249; x_wconf 86' lang='lat' dir='ltr'>suerit</span> <span class='ocrx_word' id='word_1_192' title='bbox 485 4162 593 4246; x_wconf 88' lang='lat' dir='ltr'>tellus</span> <span class='ocrx_word' id='word_1_193' title='bbox 606 4160 809 4286; x_wconf 85' lang='lat' dir='ltr'>¹foecunda,</span> <span class='ocrx_word' id='word_1_194' title='bbox 827 4159 894 4241; x_wconf 92' lang='lat' dir='ltr'>sub</span> <span class='ocrx_word' id='word_1_195' title='bbox 907 4159 1042 4270; x_wconf 85' lang='lat' dir='ltr'>ipsum¹</span> <span class='ocrx_word' id='word_1_196' title='bbox 1058 4210 1060 4215; x_wconf 92' lang='lat'><em>-</em></span> <span class='ocrx_word' id='word_1_197' title='bbox 1078 4222 1081 4228; x_wconf 90' lang='lat'>.</span> <span class='ocrx_word' id='word_1_198' title='bbox 1162 4200 1170 4222; x_wconf 85' lang='lat'>.·</span> <span class='ocrx_word' id='word_1_199' title='bbox 1189 4194 1198 4208; x_wconf 86' lang='lat'><strong>·</strong></span> 
     </span>
     <span class='ocr_line' id='line_1_29' title="bbox 628 4294 1217 4404; baseline -0.031 -15"><span class='ocrx_word' id='word_1_200' title='bbox 628 4300 669 4380; x_wconf 87' lang='lat' dir='ltr'>D</span> <span class='ocrx_word' id='word_1_201' title='bbox 701 4328 732 4404; x_wconf 83' lang='lat'>4</span> <span class='ocrx_word' id='word_1_202' title='bbox 1008 4294 1217 4374; x_wconf 74' lang='lat' dir='ltr'>ArCturum</span> 
     </span>
    </p>
   </div>
   <div class='ocr_carea' id='block_1_6' title="bbox 0 0 1474 5190">
    <p class='ocr_par' dir='ltr' id='par_1_14' title="bbox 0 0 1474 5190">
     <span class='ocr_line' id='line_1_30' title="bbox 0 0 1474 5190; baseline 0 2"><span class='ocrx_word' id='word_1_203' title='bbox 0 0 1474 5190; x_wconf 95' lang='lat' dir='ltr'> </span> 
     </span>
    </p>
   </div>
  </div>
 </body>
</html>
