2940 5190
291 528 297 543 ,
465 578 470 586 .
611 356 795 517 [Ι]
936 438 939 443 -
1106 570 1191 599 ..

261 793 313 887 Ρ.
347 720 692 935 vinoin'n
727 720 1078 886 Maeonio
1371 970 1378 983 ι

125 1036 1204 1287 uuoon1on

328 1550 775 1668 EC'LO'G
821 1552 882 1669 A
968 1552 1013 1670 Ι.
1183 1558 1192 1645 .'

344 1732 1122 1925 „Tlrrnun]fi

317 2155 610 2251 Tirreus,
653 2154 1010 2245 Memnonos}

124 2289 248 2372 Mne.
346 2284 356 2295 ’
462 2298 576 2403 Ityre,
596 2311 639 2372 tu
660 2292 806 2402 patulae
834 2292 1015 2373 recubans
1028 2288 1097 2370 sub
1121 2256 1202 2403 tegss
1302 2410 1305 2415 Ι

264 2304 460 2679 T
581 2434 687 2516 mine
703 2432 780 2548 fagi
917 2452 924 2467 ·’
1082 2458 1088 2465 ·

473 2676 477 2687 Ι
493 2568 717 2679 sylvestrem
729 2570 831 2651 tenui
844 2568 1000 2652 Musam
1010 2575 1201 2685 meditatie

582 2740 719 2795 avena:

124 2824 211 2937 Nos
231 2852 367 2963 patriae
382 2851 492 2951 fines,
508 2870 545 2933 et
557 2852 682 2967 dulcia
698 2853 905 2962 linquimus
922 2880 1008 2932 arva
1020 2816 1051 2950 ;¹

124 2996 210 3077 Nos
229 2995 386 3105 patriam
403 2992 593 3103 fingimus:
626 3014 682 3091 tu,
702 2994 849 3102 Tityre,
864 2991 984 3075 lentur
1005 2994 1045 3074 in
1064 2992 1201 3080 umbra

123 3134 346 3217 Formosam
363 3133 528 3214 resonare
546 3134 658 3251 doces
673 3130 908 3240 Amaryllida
920 3130 1048 3241 sylvas.
1172 3166 1197 3250 5

125 3278 236 3358 Τιτ.
267 3276 304 3354 Ο
326 3273 530 3372 Meliboee,
553 3275 658 3354 Deus
677 3274 784 3353 nobis
799 3271 894 3353 haec
915 3274 989 3355 otia
1006 3273 1106 3360 fecit.

55 3410 58 3414 Δ
125 3414 308 3523 Namque
324 3412 393 3493 erit
410 3410 473 3494 ille
492 3410 590 3493 mihi
604 3413 747 3522 semper
766 3413 893 3493 Deus:
924 3411 1023 3494 iilius
1034 3443 1138 3497 aram

126 3557 240 3666 Saepe
261 3554 513 3636 tener-nostris
529 3556 577 3635 ab
595 3552 756 3636 ovilibus
769 3554 914 3636 imbuet
931 3582 1059 3665 agnus.

124 3694 193 3776 Ille
222 3722 326 3777 meas
346 3664 464 3777 errare
471 3695 603 3792 boves,
625 3714 668 3776 ut
688 3695 818 3793 cernis,
836 3712 874 3775 et
894 3695 1017 3804 ipsum

125 3835 286 3941 Ludere,
305 3863 401 3946 quae
414 3834 566 3936 vellem,
586 3835 733 3919 calamo
747 3834 1064 3946 permifitagresti.
1146 3864 1199 3922 ro

123 3975 248 4061 Mna.
277 3978 566 4089 None'quidem
583 3977 745 4076 invideo,
771 3977 890 4063 miror
908 3952 1055 4086 magis}
1088 3978 1201 4058 undi-
1263 3982 1269 3990 '

312 4146 387 4229 que
406 4121 492 4202 totis
1194 4220 1202 4229 .

97 4254 256 4371 disque
272 4258 366 4345 adeo
383 4261 554 4348 turbatur
574 4242 682 4374 agris.
713 4263 789 4359 En,
809 4260 884 4370 ipse
902 4236 1062 4371 capellas
1191 4236 1195 4241 ⁴
1213 4301 1216 4308 ·

158 4408 202 4437 ”
614 4406 647 4485 Β
1026 4400 1206 4479 Protenus
