2940 5190
333 332 706 427 'Aruernos
748 326 881 423 er.
917 329 955 424 1.
1105 364 1202 463 137

99 580 102 585 ·
146 534 373 621 Ominibus:
403 532 466 615 sed
482 556 594 643 regna
613 527 711 639 Tyri
728 556 926 639 gennanus
946 527 1107 615 habebat
1127 562 1149 645 3
1158 560 1211 646 5⁰

145 675 380 788 Pygmalion,
409 670 637 754 seelereante
652 669 744 750 alios
758 669 958 753 immanior
970 700 1113 757 omnes.

145 819 254 927 Qus
271 816 366 897 inter
382 812 529 892 medius
546 810 647 892 venit
662 806 778 892 sertor.
802 808 866 891 ille
879 811 1092 910 Sichaeum,

145 953 291 1066 Impius
307 971 393 1035 ante
406 974 499 1045 aras,
528 965 640 1057 atque
657 947 738 1028 auri
756 975 887 1029 caecus
903 979 1044 1052 amore,

146 1090 258 1175 Clam
275 1092 374 1174 ferro
391 1091 584 1170 incautum
601 1085 757 1194 superat,
787 1087 936 1170 securus
954 1118 1130 1172 amorum

145 1232 375 1315 Germanae:
391 1229 608 1337 fastumque
621 1228 688 1307 diu
699 1228 842 1327 celavit,
856 1249 893 1310 et
905 1259 1069 1340 aegram,
1124 1261 1145 1341 3
1155 1257 1177 1342 5
1183 1258 1209 1342 5

146 1371 274 1452 Multa
293 1371 413 1453 malus
431 1366 618 1464 sonulans,
647 1394 740 1446 vana
756 1366 819 1476 spe
837 1368 921 1449 lufit
936 1388 1138 1452 amantem

148 1509 231 1618 Ipsa
248 1510 311 1589 sed
330 1509 369 1589 in
387 1507 524 1588 somnis
544 1504 729 1588 inhumati
748 1506 849 1587 venit
868 1508 995 1619 imago

148 1649 339 1757 Conjugis,
368 1674 432 1728 ora
448 1647 570 1726 modis
585 1646 755 1727 attollens
772 1644 909 1755 pallida
926 1651 1054 1734 miris:

149 1787 326 1870 Crudeles
343 1816 432 1885 aras,
464 1788 684 1896 trajeetaque
702 1789 852 1897 pettora
870 1790 967 1871 ferro

148 1927 331 2025 Nudavit,
340 1953 569 2035 caecumque
581 1925 716 2006 domus
728 1925 842 2008 scelus
855 1956 968 2009 omne
979 1931 1121 2013 retexit.
1133 1934 1217 2043 360

149 2065 258 2147 Tum
275 2065 430 2146 celerare
448 2062 592 2171 fugam,
624 2063 815 2171 patriaque
831 2067 1009 2147 excedere
1027 2069 1166 2170 suadet,

150 2206 424 2314 Auxiliumque
444 2205 524 2282 viae
540 2220 679 2282 veteres
698 2201 829 2282 tellure
847 2205 1003 2285 recludit

151 2342 374 2439 Thesauros,
406 2342 577 2448 ignotum
594 2338 734 2447 argenti
750 2339 896 2448 pondus
913 2359 951 2422 et
969 2345 1062 2428 auri.

152 2483 225 2562 His
245 2498 448 2578 commota,
474 2478 606 2588 fugam
619 2477 722 2558 Dido
739 2475 927 2588 sociosque
942 2484 1104 2592 parabat.

152 2622 400 2717 Conveniunt,
423 2620 558 2728 quibus
570 2637 634 2699 aut
650 2618 781 2700 odium
793 2620 941 2702 crudele
955 2627 1182 2738 tyranni,36
1188 2654 1215 2741 5

152 2765 234 2842 Aut
248 2781 369 2842 metus
381 2789 464 2840 acer
478 2778 577 2841 erat:
610 2787 733 2857 naves,
762 2788 857 2868 quae
870 2761 965 2843 forte
980 2784 1137 2872 puatae,

56 2928 62 2937 ·
152 2902 381 3010 Corripiunt‚
409 2915 634 3007 onerantque
651 2924 753 2981 auro.
778 2915 970 3007 portantur
986 2905 1084 2983 avari

153 3040 406 3151 Pygmalionis
419 3066 507 3149 opes
521 3037 667 3147 pelago.
701 3036 781 3117 dux
799 3036 964 3120 foemina
977 3038 1078 3125 faeti.

153 3180 346 3261 Devenere
364 3177 478 3275 locos,
510 3176 576 3256 ubi
594 3202 694 3256 nunc
710 3175 876 3285 ingentia
892 3207 1019 3261 cernes
1129 3185 1216 3295 369

154 3318 323 3418 Moenia,
344 3319 629 3427 surgentemque
646 3342 763 3396 novae
776 3315 1010 3426 Carthaginis
1024 3348 1174 3410 arcem:

155 3460 389 3568 Mercatique
403 3457 540 3559 solum,
581 3456 671 3538 faeti
688 3456 735 3537 de
752 3460 905 3541 nomine
918 3459 1092 3573 Byrsam.
1140 3472 1145 3481 '
1222 3440 1225 3447 ¹

155 3600 324 3679 Taurino
343 3617 528 3709 quantum
541 3596 683 3707 possent
703 3597 917 3680 circundare
935 3617 1050 3709 tergo.

156 3734 229 3817 sed
246 3763 310 3815 vos
326 3738 392 3845 qui
410 3735 591 3817 tandem?
622 3733 759 3842 quibus
771 3752 836 3815 aut
847 3734 994 3815 venistis
1011 3737 1059 3814 ab
1073 3735 1160 3837 oris,

155 3873 291 3976 Quove
308 3875 438 3955 tenetis
454 3875 552 3956 iter?
583 3871 774 3983 quaerenti
793 3871 925 3953 talibus
944 3871 1007 3953 ille

157 4009 358 4118 Suspirans,
388 4012 543 4122 imoque
561 4006 711 4090 trainens
727 4036 749 4088 a
765 4012 914 4120 penore
931 4037 1091 4098 vocem:
1135 4042 1190 4132 37
1196 4042 1221 4129 5

154 4152 195 4261 Ο
212 4147 293 4249 dea,
322 4149 349 4232 fi
366 4152 487 4269 prima
503 4167 672 4271 repeteris
688 4150 737 4236 ab
754 4151 895 4270 origine
911 4180 1078 4269 pergam,

1175 4288 1228 4370 Et
