2940 5190
299 414 657 506 BucorrcA.
694 403 829 499 Eee.
868 403 951 500 ΠΙ.
1107 422 1221 503 11.'

90 617 217 698 Mau.
249 610 423 722 Phyllida
440 638 529 692 amo
546 630 631 690 ante
648 607 762 699 alias:
794 636 884 689 nam
901 634 965 689 me
981 607 1170 692 discedere

112 804 120 823 ·
276 751 403 832 flevit:

92 896 157 992 Et,
172 893 331 1002 longum
344 888 506 970 formose
519 889 614 985 vale,
627 887 722 986 vale,
736 887 870 997 inquit,
891 886 983 970 Iola.

94 1032 479 1142 DAM.Tristelupus
492 1026 658 1127 stabulis,
675 1031 829 1110 maturis
836 1028 1005 1140 frugibus
1013 1030 1167 1131 imbres,
1182 1099 1185 1104 .

93 1172 305 1257 Arboribus
318 1172 443 1255 venti:
475 1171 583 1252 nobis
599 1168 845 1276 Amaryllidis
863 1170 951 1252 irae.
1114 1173 1165 1254 81

95 1313 226 1399 Mau.
246 1312 372 1394 Dulce
386 1309 468 1390 satis
484 1308 636 1407 humor,
656 1306 815 1419 depulfis
831 1308 984 1389 arbutus
1000 1305 1145 1408 hoedis,
1183 1320 1186 1327 '

93 1454 219 1534 Lenta
239 1447 329 1529 salix
343 1446 446 1529 foetu
462 1447 612 1559 pecori:
643 1446 742 1528 mihi
759 1445 856 1528 solus
864 1451 1063 1558 ammas.
1111 1480 1117 1487 ·
1182 1514 1185 1521 .

93 1562 607 1688 DmPollioamat‘nostram,
617 1589 789 1697 quamvis
797 1588 850 1668 est
858 1585 1187 1686 rusticaMusam..

95 1730 272 1827 Pierides,
292 1730 449 1812 vindam
466 1732 594 1813 lediori
614 1730 748 1841 pascite
766 1730 898 1818 vestro.
1117 1731 1139 1812 8
1148 1757 1173 1840 5
1233 1789 1237 1794 -

96 1871 231 1953 Maru
256 1870 379 1951 Pollio
409 1887 448 1951 et
475 1873 552 1982 ipse
580 1868 671 1952 facit
695 1898 794 1952 nova
817 1871 1007 1955 carmina:
1041 1869 1178 1981 pascite

118 2062 128 2088 '·
281 2028 445 2111 murum,
642 2113 643 2116 ,

100 2157 190 2263 Jam
208 2178 325 2235 cornu
339 2170 452 2264 petat,
471 2171 509 2233 et
530 2152 687 2263 pedibus
708 2151 775 2262 qui
792 2152 934 2262 spargat
954 2181 1118 2236 arenam.

99 2294 191 2375 ΒΑ.
222 2291 303 2388 Qui
328 2308 380 2387 te,
398 2289 535 2389 Pollio,
564 2307 679 2385 amat,
697 2290 834 2386 veniat,
865 2318 943 2398 quo
961 2308 998 2370 te
1027 2317 1179 2400 quoque

290 2430 452 2538 gaudet:
545 2494 547 2499 <
622 2438 626 2445 ’
695 2497 700 2506 ,
784 2434 787 2438 ’

102 2568 226 2652 Mella
243 2567 361 2649 fluant
375 2567 441 2666 illi,
455 2567 550 2674 ferat
566 2584 603 2649 et
620 2568 735 2651 rubus
753 2569 855 2680 asper
874 2599 1087 2655 amomum.

32 2736 35 2743 ·
101 2710 230 2794 Mau.
262 2710 342 2815 Qi
360 2709 521 2790 Bavium
550 2736 628 2790 non
658 2710 749 2808 odit,
781 2731 884 2795 amet
913 2731 977 2795 tua
1001 2714 1178 2810 carmina,

289 2848 472 2938 Maevie‘
550 2850 558 2855 ⁰
846 2854 849 2859 ’
936 2919 937 2922 ,
1120 2881 1186 2962 90*

106 2992 237 3098 Atque
253 2989 357 3070 idem
363 2988 499 3097 jungat
515 2987 659 3099 vulpes,
676 3005 713 3070 et
730 2987 898 3098 mulgeat
914 2986 1048 3074 hircos.
1184 3068 1186 3072 .

107 3132 239 3212 ΒΑΜ.
272 3129 353 3230 Qui
373 3129 493 3239 legitis
507 3128 628 3230 flores,
647 3147 685 3210 et
697 3127 808 3210 humi
826 3130 1009 3215 nascentia
1020 3133 1137 3244 fraga,
1188 3192 1190 3197 »

106 3269 293 3379 Frigidus,
314 3297 341 3350 ο
359 3270 478 3380 pueri,
496 3269 617 3380 fugite
634 3269 737 3368 hinc,
757 3268 844 3352 latet
854 3275 984 3382 anguis
997 3276 1037 3355 in
1053 3275 1183 3358 herba.

108 3412 483 3502 MamParciteoves
491 3411 656 3493 nimium
664 3414 881 3524 procedere:
895 3443 971 3499 non
982 3417 1187 3530 beneripae

110 3551 307 3636 Creditur:
340 3550 417 3662 ipse
436 3552 527 3634 aries
542 3553 657 3635 etiam
670 3582 770 3636 nunc
783 3554 919 3637 vellera
932 3557 1053 3640 siccat
1127 3588 1183 3670 95

110 3695 242 3775 ΒΑΜ.
275 3694 420 3803 Tityre,
440 3695 626 3804 pascentes
645 3724 668 3777 a
686 3696 843 3781 flumine
856 3702 951 3782 reice
969 3701 1149 3812 capellas:

112 3833 206 3943 Ipse,
225 3834 292 3918 ubi
309 3851 460 3945 tempus
477 3836 558 3933 erit,
577 3864 709 3943 omnes
727 3838 885 3919 insonte
904 3838 1048 3927 lavabo.

113 3971 241 4054 Mau.
266 3975 400 4083 Cogite
412 4002 513 4075 oves,
528 3977 660 4087 pueri:
692 3979 720 4060 fi
741 3977 798 4063 lac
815 3982 1040 4092 praeceperit
1057 3980 1188 4077 aestus,

114 4111 172 4191 Ut
188 4137 321 4221 nuper,
334 4111 468 4196 frustra
482 4118 723 4227 preffabimua
739 4118 854 4200 ubera
871 4121 1017 4230 palmis.
1131 4150 1191 4228 99

117 4250 252 4336 ΒΑΜ.
280 4250 541 4365 Eheu-quam
570 4260 702 4370 pingui
718 4287 844 4343 macer
869 4260 924 4340 est
952 4261 1048 4343 mihi
1065 4279 1193 4356 taurus

122 4430 129 4475 .·
205 4466 209 4472 .
258 4395 344 4475 .in
362 4398 474 4479 e'rvol
1082 4397 1192 4479 Idem
