2940 5190
375 409 745 499 Aruernos.
792 405 977 501 Lrs.1.
1123 441 1215 534 141

155 606 342 717 Reginam
358 610 564 716 opperiens,
597 607 704 704 dum,
736 634 832 716 quae
849 606 997 688 fortuna
1016 607 1061 688 fit
1073 607 1171 706 urbi,

155 745 430 853 Artificumque
449 772 583 824 manus
602 745 696 823 inter
712 743 748 825 se
761 770 992 856 operumque
1010 742 1179 829 laborem

154 880 329 978 Miratur,
354 882 455 962 videt
472 881 600 961 Iliacas
617 908 665 959 ex
684 879 813 960 ordine
831 908 986 989 pugnas,
1135 888 1220 993 4⁶⁰

154 1018 330 1128 Bellaque
340 1021 422 1126 jam
438 1019 540 1098 fama
557 1035 680 1097 totum
697 1017 844 1125 vulgata
862 1047 927 1127 per
943 1021 1101 1119 orbem,

155 1159 317 1254 Atridae,
365 1156 646 1263 Priamumque,
684 1173 721 1234 et
758 1155 907 1236 saevum
946 1157 1129 1239 ambobus
1163 1162 1220 1243 A·

216 1297 385 1378 chillem.

155 1436 356 1532 Constitit;
387 1453 425 1515 et
450 1435 667 1544 lacrymans,
701 1435 797 1541 Qis
818 1434 901 1542 jam
923 1435 1039 1534 locus,
1083 1435 1219 1549 inquit,

218 1573 377 1671 Achate,

154 1717 264 1823 Qae
279 1714 381 1822 regio
393 1714 433 1793 in
444 1713 547 1795 terris
559 1712 673 1793 nostri
686 1741 763 1794 non
775 1714 885 1825 plena
899 1714 1058 1799 laboris?

147 1854 215 1934 Ἐη
230 1853 410 1933 Priamus.
428 1850 586 1932 sunthic
599 1853 713 1933 etiam
729 1852 792 1932 sua
810 1853 973 1963 praemia
987 1852 1109 1951 laudi;
1129 1855 1185 1962 46
1192 1878 1217 1965 ς

155 1995 250 2074 Sunt
262 1992 449 2102 lacrymae
461 2020 613 2089 rerum3
633 2009 670 2071 et
682 2010 851 2072 mentem
865 1992 1036 2075 mortalia
1048 2009 1217 2100 tangunt.

155 2133 263 2212 Solve
280 2151 427 2213 metus:
456 2130 550 2212 feret
564 2128 657 2210 haec
669 2130 835 2238 aliquam
850 2130 917 2211 tibi
932 2131 1035 2211 fama
1051 2130 1219 2213 salutem.

155 2274 216 2351 Sic
233 2273 296 2368 ait,
326 2288 437 2376 atque
456 2269 628 2347 animum
645 2267 788 2375 pistura
801 2269 914 2375 pascit
930 2269 1030 2347 inani

154 2408 283 2489 Multa
299 2432 466 2515 gemens,
481 2402 658 2513 largoque
675 2401 868 2486 humectat
884 2404 1040 2487 flumine
1057 2404 1249 2495 vultum...

153 2551 335 2657 Namque
352 2545 510 2640 videbat,
528 2544 584 2625 uti
594 2544 771 2626 bellantes
781 2545 961 2654 Pergama
971 2545 1115 2627 circum
1136 2572 1220 2659 470

156 2687 242 2767 Hac
257 2688 429 2794 fugerent
442 2683 559 2779 Graii,
589 2702 772 2792 premeret
783 2685 944 2791 Trojana
957 2686 1157 2793 juventus,

156 2829 242 2908 Hac
255 2825 431 2933 Phryges,
463 2823 610 2903 instaret
626 2851 736 2904 curru
749 2823 914 2904 cristatus
929 2824 1110 2905 Achilles.

155 2966 242 3048 Nec
259 2964 388 3075 procul
403 2962 493 3042 hinc
507 2960 623 3042 Rhefi
648 2962 762 3043 niveis
778 2963 933 3043 tentoria
950 2962 1040 3043 velis

155 3104 336 3215 Agnoscit
350 3103 556 3212 lacrymans
570 3142 582 3199 ς
614 3102 738 3213 primo
751 3130 846 3212 quae
863 3090 1009 3213 prodita
1026 3100 1159 3183 somno

155 3247 323 3356 Tydides
341 3242 461 3325 multa
476 3243 637 3324 vastabat
653 3243 764 3335 caede
784 3260 980 3325 cruentus:
1131 3269 1187 3358 47
1193 3268 1217 3353 ς

155 3383 411 3494 Ardentesque
427 3385 556 3465 avertit
568 3410 684 3492 equos
698 3383 737 3461 in
754 3383 881 3480 castra,
911 3385 1143 3494 priusquam

156 3525 296 3607 Pabula
315 3524 512 3634 gustassent
525 3526 564 3604 T
566 3526 662 3633 rojae
682 3522 955 3633 Xanthumque
971 3522 1152 3606 bibissent.

155 3664 263 3745 Parte
282 3663 352 3743 alia
371 3662 517 3772 fugiens
538 3663 674 3745 amiffis
695 3663 851 3744 Troilus
869 3664 993 3758 armis,

156 3802 294 3881 Infelix
311 3829 416 3911 puer,
446 3822 557 3912 atque
578 3802 699 3910 impar
717 3800 924 3908 congressus
942 3796 1099 3897 Achilli,

154 3939 289 4019 Fertur
300 3942 416 4047 equis,
444 3967 630 4048 curruque
651 3936 776 4018 haeret
791 3936 979 4047 resupinus
998 3937 1111 4035 inani,
1131 3938 1219 4046 480

155 4079 255 4158 Lora
271 4095 397 4161 tenens
414 4096 552 4164 tamen.
580 4077 671 4197 huic
694 4077 893 4189 cervixque
917 4104 1122 4189 comaeque
1145 4095 1220 4159 tra-

218 4211 359 4296 huntur
414 4292 418 4299 .

1152 4349 1223 4433 Per
