2940 5190
321 419 421 510 144
502 388 550 483 Ρ.
584 385 851 480 Vrnornrr
882 384 1160 481 Maronrr

315 595 436 676 Terra
453 592 614 700 antiqua,
636 608 766 699 potens
779 589 1012 696 armisatque
1024 588 1138 670 ubere
1153 587 1308 697 glebae:

316 733 475 813 Oenotri
490 730 637 811 coluere
653 731 748 827 viri,
779 728 1192 824 nuncfamaminorer
1295 732 1383 844 536

316 873 468 956 Italiam
486 869 627 970 dixiffe,
645 871 750 953 ducis
768 869 817 952 de
835 870 1002 970 nomine,
1022 888 1188 979 gentem.
1319 943 1322 947 .

316 1016 412 1097 Huc
428 1015 552 1095 cursus
564 1012 660 1096 fuit:
1374 1072 1377 1079 .

317 1155 423 1235 Cum
438 1152 560 1233 subito
575 1150 758 1259 affurgens
777 1147 895 1231 flueu
906 1144 1097 1232 nimbosus
1114 1150 1237 1232 Orion

316 1293 465 1375 Invada
478 1289 689 1387 caecandit,
701 1289 917 1399 penitusque
930 1290 1145 1400 promcibus
1155 1290 1385 1402 auſtris44o

317 1439 464 1544 Perque
480 1433 609 1530 undas,
629 1432 819 1541 superante
836 1432 923 1530 salo,
940 1460 1079 1542 perque
1095 1433 1196 1515 invia
1210 1432 1298 1515 saxa

318 1574 495 1684 Dispulit.
530 1572 607 1654 huc
625 1573 733 1682 pauci
750 1571 876 1654 vestris
888 1573 1107 1657 adnavimus
1123 1574 1211 1659 orit.

319 1715 436 1826 Qud
452 1738 568 1822 genus
584 1708 660 1791 ho'e
679 1708 894 1810 hominurn,
921 1740 1063 1820 quaeve
1079 1710 1185 1797 bunc
1201 1729 1283 1799 tam
1299 1712 1387 1796 bar·

503 1852 592 1931 bara
607 1877 757 1930 morem

320 1989 508 2074 Permittit
519 1989 656 2099 patria?
687 1987 845 2100 hospitio
862 1987 1108 2100 prohibemur
1125 2017 1266 2077 arenae.

319 2129 425 2212 Bella
441 2129 553 2227 cient,
572 2128 764 2238 primaque
779 2147 903 2210 vetant
918 2131 1111 2215 confistere
1125 2151 1231 2217 terra.
1296 2159 1351 2245 54
1357 2158 1382 2243 ς

321 2271 360 2352 si
375 2299 492 2380 genus
505 2267 718 2349 hununum
731 2287 768 2350 et
781 2269 950 2351 mortalia
965 2272 1131 2353 temnitis
1148 2299 1251 2355 orma
1264 2312 1279 2371 ς

321 2413 377 2491 At
393 2409 531 2519 sperate
549 2408 637 2489 deos
651 2437 836 2492 memores
852 2408 956 2490 fandi
972 2429 1085 2520 atque
1101 2411 1265 2496 nefandi.

321 2549 409 2629 Rex
421 2565 498 2628 erat
510 2547 656 2626 Aeneas
672 2546 791 2642 nobis,
803 2574 880 2655 quo
892 2547 1026 2654 justior
1042 2548 1134 2631 alter
1154 2582 1159 2591 ·

320 2686 409 2768 Nec
426 2688 560 2797 pietate
576 2685 660 2782 fuit,
678 2714 747 2767 nec
758 2685 859 2767 bello
876 2689 995 2795 major
1012 2708 1051 2768 et
1066 2690 1202 2772 armis:

132 2924 137 2932 Ι
299 2829 453 2929 'Quem
472 2826 501 2906 fi
517 2826 593 2908 fata
605 2825 729 2907 virum
746 2826 901 2925 servant,
921 2826 949 2906 sr
967 2829 1122 2909 vescitur
1137 2854 1225 2909 aura
1265 2892 1268 2897 .
1302 2851 1387 2935 550

321 2967 520 3069 Aetherea,
540 2994 662 3075 neque
678 2965 802 3048 adhuc
819 2965 1029 3049 crudelibus
1042 2970 1200 3049 occubat
1216 2964 1387 3060 umbris,

321 3107 416 3190 Non
435 3111 570 3202 metus,
591 3104 716 3185 officio
733 3122 856 3186 necte
876 3105 1024 3187 certass'e
1044 3109 1206 3217 priorem

320 3245 523 3327 Poeniteat.
553 3243 636 3323 sunt
652 3261 689 3324 et
710 3242 840 3324 Siculis
858 3244 1069 3353 regionibus
1086 3248 1207 3345 urbes,

320 3391 530 3492 Armaque,
546 3385 787 3492 Trojanoque
799 3414 821 3466 a
835 3386 1008 3495 sanguine
1025 3387 1145 3468 clarus
1161 3382 1326 3466 Acestes.

321 3521 537 3635 Qaffatam
557 3523 674 3603 ventis
692 3522 798 3602 liceat
815 3523 1016 3606 subducere
1033 3524 1203 3620 classem,¹
1299 3543 1388 3631 555

320 3665 373 3746 Et
386 3663 495 3773 sylvis
512 3679 635 3771 aptare
653 3663 784 3761 trabes,
797 3679 835 3745 et
850 3663 1025 3774 stringere
1045 3692 1180 3747 remos.

323 3803 361 3883 Si
378 3805 484 3885 datur
503 3801 662 3901 Italiam,
684 3804 789 3884 sociis
809 3822 846 3884 et
862 3831 947 3912 rege
966 3823 1127 3912 recepto,

321 3941 507 4058 Tendere,
524 3958 567 4019 ut
583 3938 743 4038 Italiam,
763 3941 846 4021 laeti
863 3941 1090 4046 Latiumque
1107 3957 1289 4051 petamus.
1324 3986 1331 3991 -

322 4077 387 4161 sin
405 4077 598 4183 absumpta
615 4076 720 4172 salus,
740 4097 776 4157 et
800 4096 850 4176 te,
869 4096 971 4186 pater
987 4080 1130 4187 optime
1148 4081 1357 4172 Teucrum,
1372 4125 1378 4131 -

320 4218 462 4307 Pontus
478 4213 591 4298 habet
605 4212 759 4323 Libyae,
772 4245 839 4299 nec
858 4218 936 4330 spes
949 4220 1030 4330 jam
1044 4219 1153 4305 restat
1164 4217 1236 4302 loli
1247 4257 1261 4317 3
1303 4218 1390 4324 560

1332 4355 1388 4431 At
