<?xml version="1.0" encoding="UTF-8"?>
<!DOCTYPE html PUBLIC "-//W3C//DTD XHTML 1.0 Transitional//EN"
    "http://www.w3.org/TR/xhtml1/DTD/xhtml1-transitional.dtd">
<html xmlns="http://www.w3.org/1999/xhtml" xml:lang="en" lang="en">
 <head>
  <title>
</title>
<meta http-equiv="Content-Type" content="text/html;charset=utf-8" />
  <meta name='ocr-system' content='tesseract 3.04.00' />
  <meta name='ocr-capabilities' content='ocr_page ocr_carea ocr_par ocr_line ocrx_word'/>
</head>
<body>
  <div class='ocr_page' id='page_1' title='image "./publiivirgiliim01schegoog/publiivirgiliim01schegoog_0185.png"; bbox 0 0 2940 5190; ppageno 0'>
   <div class='ocr_carea' id='block_1_1' title="bbox 313 300 1225 420">
    <p class='ocr_par' dir='ltr' id='par_1_1' title="bbox 313 300 1225 420">
     <span class='ocr_line' id='line_1_1' title="bbox 313 300 1225 420; baseline 0.025 -23"><span class='ocrx_word' id='word_1_1' title='bbox 313 331 412 399; x_wconf 83' lang='lat'>112</span> <span class='ocrx_word' id='word_1_2' title='bbox 532 300 1225 420; x_wconf 75' lang='lat' dir='ltr'>.P.V1nc1u11Mnnours</span> 
     </span>
    </p>
   </div>
   <div class='ocr_carea' id='block_1_2' title="bbox 129 506 1451 4117">
    <p class='ocr_par' dir='ltr' id='par_1_2' title="bbox 306 506 1381 641">
     <span class='ocr_line' id='line_1_2' title="bbox 306 506 1381 641; baseline 0.016 -48"><span class='ocrx_word' id='word_1_3' title='bbox 306 511 464 593; x_wconf 86' lang='lat' dir='ltr'>Trunca</span> <span class='ocrx_word' id='word_1_4' title='bbox 474 506 617 621; x_wconf 89' lang='lat' dir='ltr'>pedum</span> <span class='ocrx_word' id='word_1_5' title='bbox 629 508 767 617; x_wconf 90' lang='lat' dir='ltr'>primo,</span> <span class='ocrx_word' id='word_1_6' title='bbox 783 536 877 632; x_wconf 87' lang='lat' dir='ltr'>mox</span> <span class='ocrx_word' id='word_1_7' title='bbox 887 528 925 593; x_wconf 90' lang='lat' dir='ltr'>et</span> <span class='ocrx_word' id='word_1_8' title='bbox 934 512 1122 603; x_wconf 82' lang='lat' dir='ltr'>stridentia</span> <span class='ocrx_word' id='word_1_9' title='bbox 1131 527 1263 634; x_wconf 81' lang='lat' dir='ltr'>pennis</span> <span class='ocrx_word' id='word_1_10' title='bbox 1293 557 1381 641; x_wconf 85' lang='lat'>3¹0</span> 
     </span>
    </p>

    <p class='ocr_par' dir='ltr' id='par_1_3' title="bbox 303 649 1447 779">
     <span class='ocr_line' id='line_1_3' title="bbox 303 649 1447 779; baseline 0.018 -45"><span class='ocrx_word' id='word_1_11' title='bbox 303 649 527 748; x_wconf 88' lang='lat' dir='ltr'>Miscentur,</span> <span class='ocrx_word' id='word_1_12' title='bbox 554 668 783 760; x_wconf 83' lang='lat' dir='ltr'>tenuemque</span> <span class='ocrx_word' id='word_1_13' title='bbox 796 653 917 759; x_wconf 79' lang='lat' dir='ltr'>magis</span> <span class='ocrx_word' id='word_1_14' title='bbox 929 659 1049 766; x_wconf 88' lang='lat' dir='ltr'>magis</span> <span class='ocrx_word' id='word_1_15' title='bbox 1058 670 1142 745; x_wconf 64' lang='lat' dir='ltr'>abra</span> <span class='ocrx_word' id='word_1_16' title='bbox 1153 690 1330 779; x_wconf 75' lang='lat' dir='ltr'>carpuntt</span> <span class='ocrx_word' id='word_1_17' title='bbox 1442 754 1447 765; x_wconf 87' lang='grc'><em>,</em></span> 
     </span>
    </p>

    <p class='ocr_par' dir='ltr' id='par_1_4' title="bbox 303 791 1173 906">
     <span class='ocr_line' id='line_1_4' title="bbox 303 791 1173 906; baseline 0.006 -27"><span class='ocrx_word' id='word_1_18' title='bbox 303 797 455 896; x_wconf 89' lang='lat' dir='ltr'>Donec,</span> <span class='ocrx_word' id='word_1_19' title='bbox 485 815 528 877; x_wconf 92' lang='lat' dir='ltr'>ut</span> <span class='ocrx_word' id='word_1_20' title='bbox 545 793 688 876; x_wconf 85' lang='lat' dir='ltr'>aestivis</span> <span class='ocrx_word' id='word_1_21' title='bbox 705 791 842 875; x_wconf 76' lang='lat' dir='ltr'>effrisus</span> <span class='ocrx_word' id='word_1_22' title='bbox 859 795 1021 880; x_wconf 91' lang='lat' dir='ltr'>nubibus</span> <span class='ocrx_word' id='word_1_23' title='bbox 1038 801 1173 906; x_wconf 84' lang='lat' dir='ltr'>imber,</span> 
     </span>
    </p>

    <p class='ocr_par' dir='ltr' id='par_1_5' title="bbox 301 933 1149 1051">
     <span class='ocr_line' id='line_1_5' title="bbox 301 933 1149 1051; baseline 0.005 -34"><span class='ocrx_word' id='word_1_24' title='bbox 301 936 496 1048; x_wconf 75' lang='lat' dir='ltr'>Eruperez</span> <span class='ocrx_word' id='word_1_25' title='bbox 524 953 588 1015; x_wconf 89' lang='lat' dir='ltr'>aut</span> <span class='ocrx_word' id='word_1_26' title='bbox 606 952 649 1016; x_wconf 91' lang='lat' dir='ltr'>ut</span> <span class='ocrx_word' id='word_1_27' title='bbox 665 960 780 1014; x_wconf 86' lang='lat' dir='ltr'>nervo</span> <span class='ocrx_word' id='word_1_28' title='bbox 801 933 967 1044; x_wconf 86' lang='lat' dir='ltr'>pulsante</span> <span class='ocrx_word' id='word_1_29' title='bbox 987 938 1149 1051; x_wconf 81' lang='lat' dir='ltr'>sagittae,</span> 
     </span>
    </p>

    <p class='ocr_par' dir='ltr' id='par_1_6' title="bbox 300 1074 1214 1190">
     <span class='ocr_line' id='line_1_6' title="bbox 300 1074 1214 1190; baseline 0.013 -30"><span class='ocrx_word' id='word_1_30' title='bbox 300 1076 431 1160; x_wconf 89' lang='lat' dir='ltr'>Prima</span> <span class='ocrx_word' id='word_1_31' title='bbox 447 1074 545 1157; x_wconf 82' lang='lat' dir='ltr'>leves</span> <span class='ocrx_word' id='word_1_32' title='bbox 558 1075 687 1156; x_wconf 89' lang='lat' dir='ltr'>ineunt</span> <span class='ocrx_word' id='word_1_33' title='bbox 703 1074 732 1154; x_wconf 92' lang='lat' dir='ltr'>s1</span> <span class='ocrx_word' id='word_1_34' title='bbox 750 1075 903 1184; x_wconf 87' lang='lat' dir='ltr'>quando</span> <span class='ocrx_word' id='word_1_35' title='bbox 922 1079 1062 1190; x_wconf 86' lang='lat' dir='ltr'>proelia</span> <span class='ocrx_word' id='word_1_36' title='bbox 1074 1085 1214 1172; x_wconf 83' lang='lat' dir='ltr'>Parthi.</span> 
     </span>
    </p>

    <p class='ocr_par' dir='ltr' id='par_1_7' title="bbox 298 1212 1331 1327">
     <span class='ocr_line' id='line_1_7' title="bbox 298 1212 1331 1327; baseline 0.019 -29"><span class='ocrx_word' id='word_1_37' title='bbox 298 1219 400 1326; x_wconf 81' lang='lat' dir='ltr'>Qis</span> <span class='ocrx_word' id='word_1_38' title='bbox 417 1219 510 1301; x_wconf 84' lang='lat' dir='ltr'>deus</span> <span class='ocrx_word' id='word_1_39' title='bbox 522 1216 633 1315; x_wconf 89' lang='lat' dir='ltr'>hanc,</span> <span class='ocrx_word' id='word_1_40' title='bbox 649 1212 795 1314; x_wconf 85' lang='lat' dir='ltr'>Musae,</span> <span class='ocrx_word' id='word_1_41' title='bbox 811 1218 1013 1327; x_wconf 77' lang='lat' dir='ltr'>quianobis</span> <span class='ocrx_word' id='word_1_42' title='bbox 1025 1228 1171 1311; x_wconf 82' lang='lat' dir='ltr'>extudit</span> <span class='ocrx_word' id='word_1_43' title='bbox 1183 1239 1331 1318; x_wconf 75' lang='lat' dir='ltr'>artem?</span> 
     </span>
    </p>

    <p class='ocr_par' dir='ltr' id='par_1_8' title="bbox 297 1354 1374 1623">
     <span class='ocr_line' id='line_1_8' title="bbox 297 1354 1374 1484; baseline 0.013 -42"><span class='ocrx_word' id='word_1_44' title='bbox 297 1355 700 1468; x_wconf 82' lang='lat' dir='ltr'>Undenovaingressus</span> <span class='ocrx_word' id='word_1_45' title='bbox 710 1354 913 1440; x_wconf 91' lang='lat' dir='ltr'>hominum</span> <span class='ocrx_word' id='word_1_46' title='bbox 922 1363 1276 1482; x_wconf 80' lang='lat' dir='ltr'>experientiacepit?</span> <span class='ocrx_word' id='word_1_47' title='bbox 1287 1403 1309 1484; x_wconf 83' lang='lat'>3</span> <span class='ocrx_word' id='word_1_48' title='bbox 1323 1376 1374 1460; x_wconf 90' lang='lat'>16</span> 
     </span>
     <span class='ocr_line' id='line_1_9' title="bbox 358 1497 1209 1623; baseline 0.011 -40"><span class='ocrx_word' id='word_1_49' title='bbox 358 1502 488 1584; x_wconf 85' lang='lat' dir='ltr'>Pastor</span> <span class='ocrx_word' id='word_1_50' title='bbox 502 1499 703 1597; x_wconf 84' lang='lat' dir='ltr'>Aristaeus,</span> <span class='ocrx_word' id='word_1_51' title='bbox 733 1497 881 1606; x_wconf 85' lang='lat' dir='ltr'>fugiens</span> <span class='ocrx_word' id='word_1_52' title='bbox 892 1501 1033 1585; x_wconf 81' lang='lat' dir='ltr'>Pene‘r‘a</span> <span class='ocrx_word' id='word_1_53' title='bbox 1045 1507 1209 1623; x_wconf 85' lang='lat' dir='ltr'>Tempe,</span> 
     </span>
    </p>

    <p class='ocr_par' dir='ltr' id='par_1_9' title="bbox 296 1639 1267 1764">
     <span class='ocr_line' id='line_1_10' title="bbox 296 1639 1267 1764; baseline 0.006 -41"><span class='ocrx_word' id='word_1_54' title='bbox 296 1641 465 1742; x_wconf 76' lang='lat' dir='ltr'>Amiffis,</span> <span class='ocrx_word' id='word_1_55' title='bbox 497 1659 540 1722; x_wconf 93' lang='lat' dir='ltr'>ut</span> <span class='ocrx_word' id='word_1_56' title='bbox 553 1641 669 1742; x_wconf 81' lang='lat' dir='ltr'>fama,</span> <span class='ocrx_word' id='word_1_57' title='bbox 696 1639 828 1749; x_wconf 85' lang='lat' dir='ltr'>apibus</span> <span class='ocrx_word' id='word_1_58' title='bbox 845 1643 1056 1754; x_wconf 89' lang='lat' dir='ltr'>morboque</span> <span class='ocrx_word' id='word_1_59' title='bbox 1075 1648 1267 1764; x_wconf 76' lang='lat' dir='ltr'>fameque,</span> 
     </span>
    </p>

    <p class='ocr_par' dir='ltr' id='par_1_10' title="bbox 294 1779 1236 1893">
     <span class='ocr_line' id='line_1_11' title="bbox 294 1779 1236 1893; baseline 0.012 -27"><span class='ocrx_word' id='word_1_60' title='bbox 294 1783 430 1867; x_wconf 85' lang='lat' dir='ltr'>Tristis</span> <span class='ocrx_word' id='word_1_61' title='bbox 447 1783 497 1865; x_wconf 86' lang='lat' dir='ltr'>ad</span> <span class='ocrx_word' id='word_1_62' title='bbox 516 1781 676 1865; x_wconf 86' lang='lat' dir='ltr'>extremi</span> <span class='ocrx_word' id='word_1_63' title='bbox 690 1779 837 1862; x_wconf 87' lang='lat' dir='ltr'>sacrum</span> <span class='ocrx_word' id='word_1_64' title='bbox 850 1802 963 1893; x_wconf 90' lang='lat' dir='ltr'>caput</span> <span class='ocrx_word' id='word_1_65' title='bbox 976 1785 1089 1870; x_wconf 92' lang='lat' dir='ltr'>astitit</span> <span class='ocrx_word' id='word_1_66' title='bbox 1102 1796 1236 1893; x_wconf 89' lang='lat' dir='ltr'>amnis,</span> 
     </span>
    </p>

    <p class='ocr_par' dir='ltr' id='par_1_11' title="bbox 293 1918 1301 2039">
     <span class='ocr_line' id='line_1_12' title="bbox 293 1918 1301 2039; baseline 0.009 -36"><span class='ocrx_word' id='word_1_67' title='bbox 293 1922 423 2004; x_wconf 88' lang='lat' dir='ltr'>Multa</span> <span class='ocrx_word' id='word_1_68' title='bbox 439 1926 597 2033; x_wconf 77' lang='lat' dir='ltr'>querens‘</span> <span class='ocrx_word' id='word_1_69' title='bbox 609 1960 623 2019; x_wconf 77' lang='lat' dir='ltr'>t</span> <span class='ocrx_word' id='word_1_70' title='bbox 635 1938 747 2028; x_wconf 88' lang='lat' dir='ltr'>atque</span> <span class='ocrx_word' id='word_1_71' title='bbox 759 1918 832 1999; x_wconf 78' lang='lat' dir='ltr'>hac</span> <span class='ocrx_word' id='word_1_72' title='bbox 845 1920 977 2002; x_wconf 84' lang='lat' dir='ltr'>affatus</span> <span class='ocrx_word' id='word_1_73' title='bbox 990 1953 1083 2010; x_wconf 90' lang='lat' dir='ltr'>voce</span> <span class='ocrx_word' id='word_1_74' title='bbox 1095 1952 1301 2039; x_wconf 86' lang='lat' dir='ltr'>parentem.</span> 
     </span>
    </p>

    <p class='ocr_par' dir='ltr' id='par_1_12' title="bbox 199 2063 1451 2188">
     <span class='ocr_line' id='line_1_13' title="bbox 199 2063 1451 2188; baseline 0.006 -44"><span class='ocrx_word' id='word_1_75' title='bbox 199 2138 235 2170; x_wconf 84' lang='lat'>.·</span> <span class='ocrx_word' id='word_1_76' title='bbox 292 2064 421 2146; x_wconf 85' lang='lat' dir='ltr'>Mater</span> <span class='ocrx_word' id='word_1_77' title='bbox 434 2064 595 2176; x_wconf 86' lang='lat' dir='ltr'>Cyrene,</span> <span class='ocrx_word' id='word_1_78' title='bbox 622 2078 754 2159; x_wconf 86' lang='lat' dir='ltr'>mater,</span> <span class='ocrx_word' id='word_1_79' title='bbox 785 2086 883 2168; x_wconf 83' lang='lat' dir='ltr'>quae</span> <span class='ocrx_word' id='word_1_80' title='bbox 900 2063 1056 2172; x_wconf 86' lang='lat' dir='ltr'>gurgitis</span> <span class='ocrx_word' id='word_1_81' title='bbox 1073 2063 1185 2176; x_wconf 85' lang='lat' dir='ltr'>hujus</span> <span class='ocrx_word' id='word_1_82' title='bbox 1279 2105 1362 2188; x_wconf 84' lang='lat'>3²1</span> <span class='ocrx_word' id='word_1_83' title='bbox 1443 2107 1451 2130; x_wconf 90' lang='lat'><strong>·</strong></span> 
     </span>
    </p>

    <p class='ocr_par' dir='ltr' id='par_1_13' title="bbox 289 2199 1218 2314">
     <span class='ocr_line' id='line_1_14' title="bbox 289 2199 1218 2314; baseline 0.004 -27"><span class='ocrx_word' id='word_1_84' title='bbox 289 2204 378 2287; x_wconf 85' lang='lat' dir='ltr'>Ima</span> <span class='ocrx_word' id='word_1_85' title='bbox 390 2220 515 2287; x_wconf 83' lang='lat' dir='ltr'>tenes:</span> <span class='ocrx_word' id='word_1_86' title='bbox 544 2201 637 2314; x_wconf 89' lang='lat' dir='ltr'>quid</span> <span class='ocrx_word' id='word_1_87' title='bbox 650 2228 714 2282; x_wconf 89' lang='lat' dir='ltr'>me</span> <span class='ocrx_word' id='word_1_88' title='bbox 731 2199 917 2311; x_wconf 86' lang='lat' dir='ltr'>praeclara</span> <span class='ocrx_word' id='word_1_89' title='bbox 933 2199 1045 2313; x_wconf 87' lang='lat' dir='ltr'>stirpe</span> <span class='ocrx_word' id='word_1_90' title='bbox 1059 2205 1218 2291; x_wconf 89' lang='lat' dir='ltr'>deorum</span> 
     </span>
    </p>

    <p class='ocr_par' dir='ltr' id='par_1_14' title="bbox 292 2338 1368 2595">
     <span class='ocr_line' id='line_1_15' title="bbox 292 2338 1368 2460; baseline 0.007 -34"><span class='ocrx_word' id='word_1_91' title='bbox 292 2346 333 2427; x_wconf 80' lang='lat' dir='ltr'>Si</span> <span class='ocrx_word' id='word_1_92' title='bbox 362 2346 492 2444; x_wconf 92' lang='lat' dir='ltr'>modo,</span> <span class='ocrx_word' id='word_1_93' title='bbox 524 2371 642 2454; x_wconf 88' lang='lat' dir='ltr'>quem</span> <span class='ocrx_word' id='word_1_94' title='bbox 674 2338 861 2452; x_wconf 83' lang='lat' dir='ltr'>perhibes,</span> <span class='ocrx_word' id='word_1_95' title='bbox 892 2359 996 2453; x_wconf 87' lang='lat' dir='ltr'>pater</span> <span class='ocrx_word' id='word_1_96' title='bbox 1025 2344 1081 2428; x_wconf 91' lang='lat' dir='ltr'>est</span> <span class='ocrx_word' id='word_1_97' title='bbox 1100 2347 1368 2460; x_wconf 73' lang='lat' dir='ltr'>Thymbraeus</span> 
     </span>
     <span class='ocr_line' id='line_1_16' title="bbox 351 2484 507 2595; baseline -0.006 -28"><span class='ocrx_word' id='word_1_98' title='bbox 351 2484 507 2595; x_wconf 86' lang='lat' dir='ltr'>Apollo,</span> 
     </span>
    </p>

    <p class='ocr_par' dir='ltr' id='par_1_15' title="bbox 290 2598 1161 2734">
     <span class='ocr_line' id='line_1_17' title="bbox 290 2598 1161 2734; baseline -0.001 -25"><span class='ocrx_word' id='word_1_99' title='bbox 290 2627 459 2709; x_wconf 83' lang='lat' dir='ltr'>invisum</span> <span class='ocrx_word' id='word_1_100' title='bbox 471 2598 557 2706; x_wconf 73' lang='lat' dir='ltr'>satia</span> <span class='ocrx_word' id='word_1_101' title='bbox 567 2622 752 2733; x_wconf 87' lang='lat' dir='ltr'>genuisti?</span> <span class='ocrx_word' id='word_1_102' title='bbox 783 2641 848 2705; x_wconf 89' lang='lat' dir='ltr'>aut</span> <span class='ocrx_word' id='word_1_103' title='bbox 865 2652 943 2734; x_wconf 92' lang='lat' dir='ltr'>quo</span> <span class='ocrx_word' id='word_1_104' title='bbox 960 2624 1029 2706; x_wconf 87' lang='lat' dir='ltr'>tibi</span> <span class='ocrx_word' id='word_1_105' title='bbox 1046 2612 1161 2708; x_wconf 89' lang='lat' dir='ltr'>nostri</span> 
     </span>
    </p>

    <p class='ocr_par' dir='ltr' id='par_1_16' title="bbox 272 2756 1360 2886">
     <span class='ocr_line' id='line_1_18' title="bbox 272 2756 1360 2886; baseline 0.003 -35"><span class='ocrx_word' id='word_1_106' title='bbox 272 2767 420 2851; x_wconf 61' lang='lat' dir='ltr'>&#39;Pulsus</span> <span class='ocrx_word' id='word_1_107' title='bbox 432 2771 563 2850; x_wconf 77' lang='lat' dir='ltr'>amor?</span> <span class='ocrx_word' id='word_1_108' title='bbox 574 2765 668 2876; x_wconf 88' lang='lat' dir='ltr'>quid</span> <span class='ocrx_word' id='word_1_109' title='bbox 685 2793 748 2846; x_wconf 89' lang='lat' dir='ltr'>me</span> <span class='ocrx_word' id='word_1_110' title='bbox 767 2764 919 2847; x_wconf 90' lang='lat' dir='ltr'>coelum</span> <span class='ocrx_word' id='word_1_111' title='bbox 927 2765 1067 2877; x_wconf 85' lang='lat' dir='ltr'>sperare</span> <span class='ocrx_word' id='word_1_112' title='bbox 1071 2768 1229 2876; x_wconf 86' lang='lat' dir='ltr'>jubebas</span> <span class='ocrx_word' id='word_1_113' title='bbox 1240 2756 1263 2853; x_wconf 69' lang='lat' dir='ltr'>l</span> <span class='ocrx_word' id='word_1_114' title='bbox 1273 2797 1326 2884; x_wconf 84' lang='lat'>32</span> <span class='ocrx_word' id='word_1_115' title='bbox 1335 2800 1360 2886; x_wconf 87' lang='lat'><em>5</em></span> 
     </span>
    </p>

    <p class='ocr_par' dir='ltr' id='par_1_17' title="bbox 220 2907 1242 3018">
     <span class='ocr_line' id='line_1_19' title="bbox 220 2907 1242 3018; baseline 0.008 -33"><span class='ocrx_word' id='word_1_116' title='bbox 220 2968 226 2985; x_wconf 71' lang='grc'>.,</span> <span class='ocrx_word' id='word_1_117' title='bbox 269 2912 350 3010; x_wconf 35' lang='lat' dir='ltr'>,En</span> <span class='ocrx_word' id='word_1_118' title='bbox 363 2911 478 2993; x_wconf 84' lang='lat' dir='ltr'>etiam</span> <span class='ocrx_word' id='word_1_119' title='bbox 495 2907 598 2990; x_wconf 87' lang='lat' dir='ltr'>hunc</span> <span class='ocrx_word' id='word_1_120' title='bbox 615 2907 738 3018; x_wconf 91' lang='lat' dir='ltr'>ipsum</span> <span class='ocrx_word' id='word_1_121' title='bbox 752 2907 847 2990; x_wconf 88' lang='lat' dir='ltr'>vitae</span> <span class='ocrx_word' id='word_1_122' title='bbox 860 2908 1026 2990; x_wconf 86' lang='lat' dir='ltr'>mortalis</span> <span class='ocrx_word' id='word_1_123' title='bbox 1043 2907 1242 3011; x_wconf 90' lang='lat' dir='ltr'>honorem,</span> 
     </span>
    </p>

    <p class='ocr_par' dir='ltr' id='par_1_18' title="bbox 287 3046 1345 3158">
     <span class='ocr_line' id='line_1_20' title="bbox 287 3046 1345 3158; baseline 0.003 -28"><span class='ocrx_word' id='word_1_124' title='bbox 287 3053 417 3158; x_wconf 82' lang='lat' dir='ltr'>Qem</span> <span class='ocrx_word' id='word_1_125' title='bbox 428 3046 526 3129; x_wconf 87' lang='lat' dir='ltr'>nrihi</span> <span class='ocrx_word' id='word_1_126' title='bbox 538 3048 602 3128; x_wconf 85' lang='lat' dir='ltr'>vix</span> <span class='ocrx_word' id='word_1_127' title='bbox 613 3047 769 3154; x_wconf 87' lang='lat' dir='ltr'>frugum</span> <span class='ocrx_word' id='word_1_128' title='bbox 783 3064 821 3126; x_wconf 89' lang='lat' dir='ltr'>et</span> <span class='ocrx_word' id='word_1_129' title='bbox 837 3047 1028 3155; x_wconf 90' lang='lat' dir='ltr'>pecudum</span> <span class='ocrx_word' id='word_1_130' title='bbox 1042 3049 1208 3130; x_wconf 88' lang='lat' dir='ltr'>custodia</span> <span class='ocrx_word' id='word_1_131' title='bbox 1220 3048 1345 3137; x_wconf 81' lang='lat' dir='ltr'>sollers</span> 
     </span>
    </p>

    <p class='ocr_par' dir='ltr' id='par_1_19' title="bbox 286 3186 1256 3301">
     <span class='ocr_line' id='line_1_21' title="bbox 286 3186 1256 3301; baseline 0.004 -31"><span class='ocrx_word' id='word_1_132' title='bbox 286 3189 431 3272; x_wconf 90' lang='lat' dir='ltr'>Omnia</span> <span class='ocrx_word' id='word_1_133' title='bbox 446 3187 601 3269; x_wconf 84' lang='lat' dir='ltr'>tentanti</span> <span class='ocrx_word' id='word_1_134' title='bbox 620 3186 825 3285; x_wconf 83' lang='lat' dir='ltr'>extuderat,</span> <span class='ocrx_word' id='word_1_135' title='bbox 856 3203 893 3266; x_wconf 90' lang='lat' dir='ltr'>te</span> <span class='ocrx_word' id='word_1_136' title='bbox 912 3205 1045 3285; x_wconf 87' lang='lat' dir='ltr'>matre,</span> <span class='ocrx_word' id='word_1_137' title='bbox 1072 3188 1256 3301; x_wconf 75' lang='lat' dir='ltr'>relinquo</span> 
     </span>
    </p>

    <p class='ocr_par' dir='ltr' id='par_1_20' title="bbox 284 3326 1195 3440">
     <span class='ocr_line' id='line_1_22' title="bbox 284 3326 1195 3440; baseline 0.002 -27"><span class='ocrx_word' id='word_1_138' title='bbox 284 3332 392 3430; x_wconf 89' lang='lat' dir='ltr'>Quin</span> <span class='ocrx_word' id='word_1_139' title='bbox 408 3357 490 3440; x_wconf 86' lang='lat' dir='ltr'>age,</span> <span class='ocrx_word' id='word_1_140' title='bbox 521 3328 648 3439; x_wconf 89' lang='lat' dir='ltr'>etipsa</span> <span class='ocrx_word' id='word_1_141' title='bbox 669 3357 785 3409; x_wconf 91' lang='lat' dir='ltr'>manu</span> <span class='ocrx_word' id='word_1_142' title='bbox 806 3326 932 3410; x_wconf 87' lang='lat' dir='ltr'>felices</span> <span class='ocrx_word' id='word_1_143' title='bbox 946 3357 1034 3410; x_wconf 89' lang='lat' dir='ltr'>erue</span> <span class='ocrx_word' id='word_1_144' title='bbox 1054 3330 1195 3440; x_wconf 88' lang='lat' dir='ltr'>sylvas:</span> 
     </span>
    </p>

    <p class='ocr_par' dir='ltr' id='par_1_21' title="bbox 129 3467 1358 3726">
     <span class='ocr_line' id='line_1_23' title="bbox 129 3467 1358 3585; baseline 0.003 -29"><span class='ocrx_word' id='word_1_145' title='bbox 129 3564 131 3569; x_wconf 48' lang='grc'>,</span> <span class='ocrx_word' id='word_1_146' title='bbox 282 3475 358 3557; x_wconf 83' lang='lat' dir='ltr'>Fet</span> <span class='ocrx_word' id='word_1_147' title='bbox 399 3467 550 3555; x_wconf 82' lang='lat' dir='ltr'>stabulis</span> <span class='ocrx_word' id='word_1_148' title='bbox 598 3470 799 3571; x_wconf 89' lang='lat' dir='ltr'>inimicum</span> <span class='ocrx_word' id='word_1_149' title='bbox 842 3471 984 3580; x_wconf 81' lang='lat' dir='ltr'>ignem,</span> <span class='ocrx_word' id='word_1_150' title='bbox 1037 3493 1149 3585; x_wconf 87' lang='lat' dir='ltr'>atque</span> <span class='ocrx_word' id='word_1_151' title='bbox 1191 3474 1358 3560; x_wconf 89' lang='lat' dir='ltr'>interfice</span> 
     </span>
     <span class='ocr_line' id='line_1_24' title="bbox 344 3606 1355 3726; baseline 0.001 -27"><span class='ocrx_word' id='word_1_152' title='bbox 344 3609 506 3707; x_wconf 66' lang='lat' dir='ltr'>merses:</span> <span class='ocrx_word' id='word_1_153' title='bbox 844 3606 852 3621; x_wconf 82' lang='lat'>&#39;</span> <span class='ocrx_word' id='word_1_154' title='bbox 1267 3646 1355 3726; x_wconf 79' lang='lat'>330</span> 
     </span>
    </p>

    <p class='ocr_par' dir='ltr' id='par_1_22' title="bbox 280 3749 1271 3865">
     <span class='ocr_line' id='line_1_25' title="bbox 280 3749 1271 3865; baseline 0.001 -28"><span class='ocrx_word' id='word_1_155' title='bbox 280 3758 361 3837; x_wconf 89' lang='lat' dir='ltr'>Ure</span> <span class='ocrx_word' id='word_1_156' title='bbox 375 3753 461 3852; x_wconf 88' lang='lat' dir='ltr'>sata,</span> <span class='ocrx_word' id='word_1_157' title='bbox 488 3768 527 3832; x_wconf 91' lang='lat' dir='ltr'>et</span> <span class='ocrx_word' id='word_1_158' title='bbox 538 3749 702 3833; x_wconf 86' lang='lat' dir='ltr'>validam</span> <span class='ocrx_word' id='word_1_159' title='bbox 723 3751 873 3834; x_wconf 85' lang='lat' dir='ltr'>invites</span> <span class='ocrx_word' id='word_1_160' title='bbox 893 3750 1026 3834; x_wconf 89' lang='lat' dir='ltr'>molire</span> <span class='ocrx_word' id='word_1_161' title='bbox 1044 3753 1271 3865; x_wconf 78' lang='lat' dir='ltr'>bipennemz</span> 
     </span>
    </p>

    <p class='ocr_par' dir='ltr' id='par_1_23' title="bbox 279 3890 1116 4002">
     <span class='ocr_line' id='line_1_26' title="bbox 279 3890 1116 4002; baseline 0.002 -26"><span class='ocrx_word' id='word_1_162' title='bbox 279 3896 405 3976; x_wconf 85' lang='lat' dir='ltr'>Tanta</span> <span class='ocrx_word' id='word_1_163' title='bbox 426 3920 533 3974; x_wconf 83' lang='lat' dir='ltr'>meae</span> <span class='ocrx_word' id='word_1_164' title='bbox 550 3893 578 3972; x_wconf 89' lang='lat' dir='ltr'>sr</span> <span class='ocrx_word' id='word_1_165' title='bbox 595 3911 632 3975; x_wconf 89' lang='lat' dir='ltr'>te</span> <span class='ocrx_word' id='word_1_166' title='bbox 650 3911 830 4002; x_wconf 89' lang='lat' dir='ltr'>ceperunt</span> <span class='ocrx_word' id='word_1_167' title='bbox 849 3890 968 3973; x_wconf 87' lang='lat' dir='ltr'>taedia</span> <span class='ocrx_word' id='word_1_168' title='bbox 986 3891 1116 3978; x_wconf 83' lang='lat' dir='ltr'>laudis.</span> 
     </span>
    </p>

    <p class='ocr_par' dir='ltr' id='par_1_24' title="bbox 279 4032 1175 4117">
     <span class='ocr_line' id='line_1_27' title="bbox 279 4032 1175 4117; baseline -0.001 -1"><span class='ocrx_word' id='word_1_169' title='bbox 279 4037 336 4117; x_wconf 86' lang='lat' dir='ltr'>At</span> <span class='ocrx_word' id='word_1_170' title='bbox 351 4050 471 4114; x_wconf 88' lang='lat' dir='ltr'>mater</span> <span class='ocrx_word' id='word_1_171' title='bbox 483 4032 647 4114; x_wconf 89' lang='lat' dir='ltr'>sonitum</span> <span class='ocrx_word' id='word_1_172' title='bbox 659 4033 827 4116; x_wconf 85' lang='lat' dir='ltr'>thalamo</span> <span class='ocrx_word' id='word_1_173' title='bbox 844 4033 911 4115; x_wconf 93' lang='lat' dir='ltr'>sub</span> <span class='ocrx_word' id='word_1_174' title='bbox 926 4032 1094 4115; x_wconf 88' lang='lat' dir='ltr'>fluminis</span> <span class='ocrx_word' id='word_1_175' title='bbox 1111 4034 1175 4115; x_wconf 85' lang='lat' dir='ltr'>alti</span> 
     </span>
    </p>
   </div>
   <div class='ocr_carea' id='block_1_3' title="bbox 280 4173 1353 4429">
    <p class='ocr_par' dir='ltr' id='par_1_25' title="bbox 280 4173 1353 4429">
     <span class='ocr_line' id='line_1_28' title="bbox 280 4173 1331 4288; baseline -0.002 -28"><span class='ocrx_word' id='word_1_176' title='bbox 280 4176 418 4260; x_wconf 81' lang='lat' dir='ltr'>Sensit:</span> <span class='ocrx_word' id='word_1_177' title='bbox 447 4199 532 4257; x_wconf 87' lang='lat' dir='ltr'>eam</span> <span class='ocrx_word' id='word_1_178' title='bbox 546 4175 691 4258; x_wconf 86' lang='lat' dir='ltr'>circum</span> <span class='ocrx_word' id='word_1_179' title='bbox 702 4173 850 4257; x_wconf 82' lang='lat' dir='ltr'>Milefia</span> <span class='ocrx_word' id='word_1_180' title='bbox 867 4173 1000 4259; x_wconf 88' lang='lat' dir='ltr'>vellera</span> <span class='ocrx_word' id='word_1_181' title='bbox 1013 4174 1223 4288; x_wconf 87' lang='lat' dir='ltr'>Nymphae</span> <span class='ocrx_word' id='word_1_182' title='bbox 1327 4256 1331 4266; x_wconf 78' lang='grc'><strong>,</strong></span> 
     </span>
     <span class='ocr_line' id='line_1_29' title="bbox 283 4315 1353 4429; baseline -0.006 -30"><span class='ocrx_word' id='word_1_183' title='bbox 283 4350 285 4354; x_wconf 57' lang='grc'><strong>“</strong></span> <span class='ocrx_word' id='word_1_184' title='bbox 1128 4315 1353 4429; x_wconf 81' lang='lat' dir='ltr'>Carpebant,</span> 
     </span>
    </p>
   </div>
   <div class='ocr_carea' id='block_1_4' title="bbox 0 0 1474 5190">
    <p class='ocr_par' dir='ltr' id='par_1_26' title="bbox 0 0 1474 5190">
     <span class='ocr_line' id='line_1_30' title="bbox 0 0 1474 5190; baseline 0 8"><span class='ocrx_word' id='word_1_185' title='bbox 0 0 1474 5190; x_wconf 95' lang='lat' dir='ltr'> </span> 
     </span>
    </p>
   </div>
  </div>
 </body>
</html>
