2940 5190
397 412 733 502 Aruernos.
781 404 895 501 Lm
926 404 1008 500 IV.
1161 435 1262 535 239

192 610 301 695 Voce
313 611 415 709 deos,
433 609 483 690 fic
496 626 533 690 te
569 624 611 689 ut
621 607 737 718 posita
754 603 912 688 crudelis
925 602 1116 692 abessem?

193 751 367 834 Exstinxi
391 769 441 849 te,
460 777 611 860 meque,
632 747 745 845 soror,
768 744 1041 857 populumque,
1059 749 1253 863 patresque

194 891 376 986 Sidonios,
392 891 601 998 urbemque
617 906 735 969 tuam.
766 885 864 984 date,
886 882 1039 969 vulnera
1055 885 1224 1003 lymphis

194 1031 378 1129 abluam,
396 1049 433 1111 et
449 1047 638 1111 extremus
654 1028 683 1108 sr
697 1027 780 1137 quis
792 1026 898 1136 super
914 1024 1050 1110 halitus
1067 1047 1175 1133 errat,

196 1174 273 1253 Ore
287 1171 422 1279 legam.
454 1171 503 1250 fic
521 1170 609 1269 fata,
628 1168 764 1278 gradus
787 1165 944 1250 evaserat
960 1169 1066 1271 altos,
1175 1167 1262 1291 ⁶⁸5
1320 1194 1327 1207 ’

195 1309 540 1417 semianimemque
554 1307 634 1387 finu
652 1333 871 1415 germanam
884 1307 1059 1416 amplexa
1072 1306 1223 1393 fovebat

194 1450 299 1529 Cum
312 1451 468 1558 gemitu,
483 1466 596 1558 atque
611 1465 708 1528 atros
722 1447 877 1529 ficcabat
895 1444 992 1528 veste
1005 1476 1165 1533 cruores.
1232 1550 1236 1557 Δ

195 1589 279 1687 Illa,
299 1619 426 1699 graves
440 1590 569 1671 oculos
592 1607 723 1671 conata
740 1587 917 1687 attollere,
932 1590 1053 1672 rursus

194 1729 347 1813 Deficit.
375 1732 538 1812 infixum
548 1731 673 1812 stridet
689 1730 757 1812 sub
775 1732 925 1841 pestore
941 1731 1086 1814 vrrlnun

198 1875 279 1956 Ter
294 1875 366 1956 sese
385 1873 553 1957 attollens
579 1871 782 1982 cubitoque
802 1873 937 1955 adnixa
949 1873 1110 1959 levavit:
1178 1879 1266 1990 690

197 2018 278 2097 Ter
292 2014 460 2113 revoluta
476 2035 558 2096 toro
571 2013 649 2096 est:
681 2014 872 2124 oculisque
885 2015 1100 2115 errantibus,
1120 2015 1197 2098 alto

195 2157 385 2254 Quaefivit
399 2157 506 2239 coelo
526 2157 666 2254 lucem,
685 2157 942 2265 ingemuitque
963 2176 1117 2267 reperta.

195 2299 305 2378 Tum
317 2298 420 2403 Juno
437 2298 687 2406 omnipotens,
705 2295 865 2406 longum
882 2296 1050 2377 miserata
1063 2295 1244 2396 dolorem,

195 2438 597 2548 Difficilesqueobitus,
610 2439 703 2520 irim
718 2437 865 2518 demisrt
878 2436 1061 2548 Olympo,
1174 2443 1262 2547 694

195 2579 306 2683 Qae
321 2577 527 2683 luctantem
546 2580 714 2658 aninmn
730 2576 917 2687 nexosque
931 2575 1122 2658 resolveret
1139 2596 1250 2664 artus.

193 2716 316 2833 Nam,
336 2718 424 2826 quia
440 2746 511 2798 nec
528 2717 621 2814 fato,
646 2716 779 2798 merita
797 2744 867 2797 nec
892 2735 1026 2813 morte,
1045 2716 1200 2825 peribat,

193 2858 266 2940 Sed
279 2858 410 2938 misera
420 2877 505 2939 ante
523 2859 640 2961 diem,
659 2858 853 2967 subitoque
866 2857 1015 2939 accensa
1026 2857 1163 2957 furore,

194 2997 384 3079 Nondum
406 2996 460 3078 illi
484 2997 624 3079 flavum
638 2997 854 3107 Proserpina
871 2996 1007 3077 vertice
1029 2995 1172 3077 crinem

194 3133 421 3234 Abstulerat,
434 3135 636 3247 Stygioque
653 3153 766 3244 caput
779 3135 1016 3216 damnaverat
1029 3137 1144 3218 Orco.

195 3278 299 3386 Ergo
312 3278 380 3358 Iris
399 3279 536 3360 croceis
560 3305 626 3387 per
648 3277 799 3358 coelum
828 3276 969 3357 roscida
987 3277 1129 3385 pennis,
1172 3305 1262 3391 70⁰
1323 3308 1327 3314 ·

195 3414 308 3498 Mille
328 3413 475 3497 trahens
489 3415 607 3496 varios
628 3413 777 3494 adverso
800 3414 874 3496 sole
895 3413 1048 3513 coloreo,

196 3556 370 3655 Devolat,
389 3575 426 3638 et
457 3556 563 3667 supra
587 3572 699 3665 caput
724 3552 859 3639 astitit:
895 3553 998 3637 hunc
1020 3582 1092 3665 ego
1108 3554 1190 3635 Diti

196 3699 351 3779 Sacrum
360 3698 455 3806 jutia
470 3698 563 3793 fero,
584 3714 694 3805 teque
713 3694 784 3774 islo
801 3722 953 3806 corpore
966 3694 1080 3776 solvo.

197 3837 258 3917 Sic
278 3836 341 3933 ait,
361 3854 399 3916 et
417 3836 545 3917 dextra
557 3835 700 3914 crinem
719 3832 838 3913 secat:
869 3832 992 3912 omnis
1008 3847 1046 3912 et
1067 3859 1143 3913 una

195 3972 368 4086 Dilapsus
395 3973 507 4072 calor,
526 3990 637 4080 atque
664 3971 702 4050 in
732 3987 859 4051 ventos
887 3970 962 4050 vita
986 3967 1140 4051 receffit.
1172 4000 1229 4088 70
1236 4000 1259 4084 5

263 4313 269 4323 .
408 4255 567 4337 ΤοΜι
611 4251 1046 4345 Pnrnrr-Fru-r-e.
