2940 5190
286 279 394 439 μ’
439 314 825 432 ¹P.'Vtue'1r„rr
853 313 1147 415 ‚Muttonis

279 521 478 618 Officium,
495 536 561 599 aut
577 520 711 598 umbra
726 535 848 600 nocet.
909 518 1019 601 Pater
1033 518 1108 629 ipse
1124 520 1272 604 colendi
1341 525 1356 593 ἶ

279 659 400 743 Haud
410 655 563 740 facilem
575 655 646 738 effe
666 657 768 739 viam
782 654 911 754 voluit,
927 658 1143 768 primusque
1153 644 1221 771 per
1238 681 1357 747 artem

277 800 408 882 Movit
424 827 541 909 agros,
557 798 655 880 curis
673 826 810 881 acuens
825 798 996 882 mortalia
1013 799 1149 884 corda:

277 940 366 1022 Nec
383 955 529 1051 torpere
539 941 641 1049 gravi
652 938 1150 1052 passussuaregnavetemo.
1361 1026 1363 1034 Α

276 1083 381 1163 Ante
400 1083 540 1189 Jovem
559 1081 653 1162 nulli
670 1081 889 1190 subigebant
905 1108 990 1161 arva
1006 1081 1155 1167 coloni:
1269 1110 1318 1170 12
1326 1111 1351 1197 ς

276 1219 365 1303 Nec
383 1220 524 1329 signare
541 1220 709 1329 quidem,
729 1238 794 1301 aut
810 1220 936 1330 partiri
953 1219 1072 1302 limite
1093 1250 1275 1334 eampum

275 1359 349 1441 Fas
363 1377 459 1441 erat:
491 1363 531 1440 in
551 1361 722 1441 medium
739 1359 983 1470 quaerebant:
1014 1359 1167 1472 ipsaque
1183 1363 1292 1446 tellus

275 1498 420 1578 Omnia
436 1498 599 1597 liberius,
618 1497 724 1578 nullo
735 1498 920 1608 poscente,
934 1498 1088 1584 ferebat.

274 1636 347 1721 Ille
367 1638 513 1720 malum
533 1640 633 1720 virus
651 1639 879 1748 serpentibus
897 1639 1040 1721 addidit
1055 1645 1155 1742 atris,

273 1779 521 1889 Praedarique
538 1779 648 1891 lupos
660 1779 776 1890 juffit,
797 1797 1035 1890 pontumque
1057 1784 1225 1868 moveri:
1264 1812 1281 1867 r
1292 1813 1349 1895 30

92 1994 98 2007 ,
274 1919 471 2032 Mellaque
490 1921 646 2004 decuffit
675 1920 788 2022 foliis,
804 1920 1008 2031 ignemque
1027 1925 1200 2023 removit,

273 2060 468 2173 Etpallim
487 2062 574 2144 rivis
593 2061 776 2145 currentia
799 2061 886 2142 vina
902 2061 1091 2174 repressit:

273 2202 331 2285 Ut
350 2205 466 2286 varias
479 2205 565 2286 usus
578 2204 796 2285 meditando
809 2203 1029 2283 extunderet
1045 2221 1139 2285 artes

271 2346 474 2449 Paulatim,
492 2366 530 2429 et
548 2346 657 2429 sulcis
668 2345 848 2427 fiumenti
867 2361 1057 2454 quaereret
1069 2343 1242 2444 herbam,
1270 2329 1272 2336 ’
1342 2336 1348 2411 2

271 2486 325 2568 Et
343 2487 452 2569 filicis
468 2489 571 2569 venis
591 2487 799 2569 abstrusum
816 2485 1016 2566 excuderet
1032 2486 1174 2594 ignem.
1257 2481 1348 2607 ¹35.

271 2624 389 2707 Tunc
405 2625 509 2706 alnos
526 2627 696 2736 primum
718 2624 823 2707 fluvii
841 2623 979 2704 sensere
998 2643 1161 2706 cavatas:
1340 2682 1346 2691 -

271 2765 412 2848 Navita
425 2785 511 2848 tum
524 2766 636 2848 stellis
654 2792 830 2847 numeros
850 2781 888 2845 et
907 2764 1063 2846 nomina
1080 2763 1181 2861 fecit,
1339 2778 1346 2823 ἰ

270 2908 456 3008 Pleiadas,
479 2910 646 3021 Hyadas,
665 2909 879 3019 claramque
891 2908 1077 3016 Lycaonis
1090 2909 1248 2990 Ardon.
1341 2900 1346 2909 ’

217 3030 220 3037 ’
270 3051 382 3132 Tum
400 3027 541 3162 laqueis
559 3072 706 3161 captare
723 3049 831 3148 seras,
853 3069 890 3132 et
906 3046 1034 3131 fallere
1048 3049 1147 3130 visco

270 3189 494 3275 Inventum:
514 3214 552 3273 et
565 3191 1126 3302 magnoscanibuscircumdare
1140 3187 1343 3295 saltusn40'

269 3329 401 3438 Atque
417 3330 511 3411 alius
522 3331 643 3412 latum
657 3332 775 3413 funda
787 3333 870 3441 jam
883 3332 1049 3413 verberat
1058 3357 1225 3426 amnem,

269 3466 361 3551 Alta
376 3484 528 3577 petens;
560 3470 768 3581 pelagoque
784 3473 878 3553 alius
888 3470 1001 3552 trahit
1017 3469 1176 3552 humida
1195 3467 1282 3550 lina.
1333 3457 1336 3517 t

269 3608 381 3689 Tum
399 3607 487 3689 ferri
512 3607 624 3717 rigor,
643 3628 755 3720 atque
775 3627 925 3723 argutae
943 3611 1084 3693 lamina
1100 3609 1241 3706 serrae3
1333 3598 1339 3606 ’

241 3768 244 3775 ’
269 3748 397 3856 (Nam
417 3746 530 3859 primi
550 3748 677 3829 cuneis
694 3749 908 3833 scindebant
925 3751 1031 3833 fiffite
1045 3746 1224 3859 lignum.)
1331 3740 1342 3755 ’

269 3887 378 3967 Tum
396 3888 515 3970 variae
533 3918 665 3972 venere
677 3910 782 3975 artes.
843 3892 969 3975 Labor
983 3891 1111 3976 omnia
1126 3888 1214 3970 vicit
1257 3911 1310 3994 14
1317 3910 1339 3995 5

267 4023 480 4136 Improbus,
498 4045 537 4108 et
554 4013 655 4110 duris
674 4058 809 4144 urgens
824 4030 865 4115 in
882 4032 991 4121 rebus
1007 4028 1166 4146 egestae.

1212 4304 1340 4388 Prima
