2940 5190
363 309 1010 420 Grouorca.L1n.'ll.¹
1155 316 1223 430 ⁶9

151 526 349 631 Incubuit„
360 529 613 637 glomeratque
631 528 749 607 ferens
768 524 937 604 incendii
953 539 1096 602 ventus.

150 666 241 747 Hoc
251 666 317 748 ubi
325 706 338 764 3
355 693 432 747 non
446 694 468 746 a
481 665 590 774 stripe
605 664 739 760 valent,
756 664 948 770 caesaeque
965 658 1096 740 reverti

151 802 316 902 Poll'unt,
337 823 450 914 atque
466 807 543 885 ima
560 803 694 884 similes
708 800 920 881 revirescere
939 819 1058 880 terra:

151 943 289 1025 Infelix
311 945 457 1054 superat
473 943 572 1024 foliis
589 942 741 1024 oleaster
756 942 901 1021 amaris

150 1081 771 1192 Nectibitamprudensquisquam
783 1078 1150 1186 persuadeataueiorg
1166 1080 1215 1181 ις

150 1220 348 1301 Tellurem
367 1223 479 1300 borea
498 1220 657 1326 rigidam
678 1218 834 1327 spirante
847 1218 1001 1297 moveri.

152 1360 258 1470 Rura
271 1358 360 1466 gelu
380 1376 465 1438 tum
485 1358 623 1437 claudit
637 1356 794 1466 hyems;
813 1383 882 1437 nec
896 1355 1036 1436 semine
1049 1351 1151 1461 jat'to
1193 1339 1200 1347 ’

153 1472 379 1609 concretam
396 1496 532 1606 patitur
549 1496 713 1576 radicem
725 1495 873 1602 affigere
883 1511 1011 1579 terrae.

155 1635 312 1744 Optima
329 1635 459 1748 vinetis
477 1635 579 1738 satio,
600 1662 691 1716 curn
708 1662 792 1714 vere
811 1634 958 1714 rubenti

154 1775 323 1857 Candida
340 1770 440 1854 venit
450 1775 526 1854 avis
544 1775 665 1882 longis
681 1774 795 1854 invisa
812 1771 992 1854 colubris:
1132 1794 1217 1880 320

155 1914 281 1993 Prima
298 1914 356 1995 vel
370 1916 540 1993 autumni
560 1914 626 1993 sub
641 1914 789 2021 frigora,
809 1940 899 1991 cum
917 1911 1064 2020 rapidus
1077 1908 1130 1988 sol

154 2053 342 2131 Nondum
373 2052 554 2158 hyemem
586 2052 769 2159 contingit
796 2050 913 2158 equis,
945 2052 1026 2155 jam
1052 2045 1221 2155 praeterit

340 2189 466 2273 aestas.

156 2328 235 2407 Ver
254 2320 351 2407 adeo
366 2326 489 2410 frondi
504 2357 716 2427 nemorum,
731 2355 794 2409 ver
803 2328 892 2410 utile
909 2328 1038 2439 sylvis:

154 2468 253 2547 Vere
261 2484 408 2549 tument
424 2486 550 2564 terrae,
561 2488 597 2549 et
611 2469 781 2580 genitalia
799 2468 935 2550 semina
944 2469 1110 2580 poscunt.
1133 2476 1220 2581 3'24

157 2613 267 2695 Tum
296 2628 400 2720 pater
427 2613 660 2721 omnipotens
680 2607 872 2693 foecundis
896 2613 1079 2692 imbribus
1099 2608 1225 2692 aether

159 2750 337 2856 Conjugis
354 2751 392 2830 in
411 2752 599 2860 gremium
615 2753 728 2833 laetae
738 2751 935 2851 descendit,
952 2772 1129 2832 etomnes

159 2891 326 2997 Magnus
347 2890 423 2986 alit,
443 2918 582 2999 magno
594 2893 824 2972 commixtus
846 2919 1009 3000 corpore,
1033 2892 1164 2972 foetru.

160 3028 260 3109 Avia
272 3047 356 3109 tum
374 3029 541 3111 resonant
557 3033 683 3113 avibus
703 3031 860 3139 virgulta
877 3033 1031 3129 canoris,

160 3170 213 3249 Et
229 3169 413 3248 Venerem
430 3171 536 3251 certis
553 3188 723 3281 repetunt
745 3188 909 3251 armenta
926 3171 1075 3252 diebus:
1141 3188 1225 3281 32'9

161 3307 321 3389 Parturit
338 3308 458 3390 almus
482 3340 578 3420 ager,
612 3311 842 3420 zephyrique
866 3311 1073 3421 tepentibus
1099 3312 1195 3391 auris

161 3447 310 3526 Laxant
323 3474 409 3527 arva
423 3447 542 3530 finus:
573 3450 715 3558 superat
729 3469 832 3538 tener
850 3448 1210 3532 omnibushumors

167 3583 287 3692 Inque
308 3613 423 3666 novos
436 3585 527 3668 soles
545 3589 682 3668 audent
700 3588 735 3668 se
754 3590 921 3695 gramina
933 3607 1015 3668 tuto

165 3725 344 3807 Credere:
377 3754 446 3807 nec
465 3730 598 3808 metuit
612 3728 795 3837 surgentes
807 3730 1005 3838 pampinus
1022 3728 1173 3821 austros,
1191 3736 1207 3788 ‘-

166 3866 248 3944 Aut
268 3867 396 3945 actum
416 3867 522 3947 coelo
536 3868 680 3976 magnis
700 3866 935 3976 aquilonibus
953 3866 1140 3949 imbrem:

168 3998 248 4085 sed.
258 4001 373 4082 trudit
384 4027 569 4110 gemmas,
584 4023 621 4085 et
638 4000 788 4085 frondes
801 4002 963 4114 explicat
975 4032 1118 4085 omnes.
1154 4032 1242 4115 335·

169 4142 265 4231 Non
283 4142 374 4224 alios
386 4144 507 4256 prima
524 4147 717 4228 crescentis
734 4147 877 4256 origine
900 4148 1039 4243 mundi
1179 4201 1188 4232 ι
1238 4210 1247 4271 1

542 4350 545 4355 ,
658 4287 746 4396 F3
1090 4281 1253 4364 Illuxisse
