2940 5190
334 355 996 455 Bocourancn'VII,
1149 387 1209 482 23
1311 388 1314 393 ·

142 550 233 644 Huc
250 560 317 671 ipsr
337 577 471 669 potum
488 557 636 639 venient
654 586 720 667 per
736 578 838 668 prata
848 558 1025 667 juvencis

142 701 220 781 Hic
239 698 361 781 viridis
381 717 506 782 tenera
522 698 700 808 praetexit
719 698 899 779 arundine
920 698 1017 809 ripas

140 839 321 939 Mincius,
334 867 431 949 eque
440 837 539 921 sacra
551 837 719 919 resonant
730 839 903 920 examina
912 866 1066 950 quercu.
1181 820 1184 824 Δ

40 992 44 999 ’
140 981 246 1086 Qid
265 980 459 1062 facerem?
489 1006 610 1087 neque
627 1004 699 1086 ego
715 976 918 1087 Alcippen,
944 1006 1014 1060 nec
1030 970 1206 1086 Phyllida

128 1185 132 1193 .
323 1120 523 1217 habebam,
1148 1148 1151 1153 ·

139 1258 326 1369 Depulsos
345 1259 473 1339 aladte
493 1259 599 1339 domi
616 1285 711 1367 quae
725 1258 912 1340 clauderet
926 1285 1060 1369 agnos:
1155 1279 1203 1366 15

139 1400 193 1480 Et
203 1413 391 1481 certamen
404 1417 493 1500 erat,
506 1399 683 1508 Corydon
692 1426 783 1493 cum
797 1397 1204 1511 Thyrsrde,magnum.

73 1628 80 1643 ⁶
141 1537 346 1620 Posthabui
364 1559 490 1620 tamem
509 1541 661 1621 illorum
682 1567 766 1620 mea
785 1539 874 1620 seria
890 1538 993 1625 ludo.

142 1673 306 1757 Alternis
323 1676 436 1786 igitur
455 1677 676 1758 contendere
691 1677 852 1758 vcrfibus
864 1678 980 1760 ambo

138 1815 326 1925 Coepcre:
356 1817 512 1900 alternos
532 1818 887 1901 Musaememiniffe
900 1820 1084 1903 volebant.

139 1954 225 2036 Hos
245 1958 436 2067 Corydon,
454 1958 537 2040 illos
556 1958 735 2039 referebat
749 1959 788 2036 in
807 1959 935 2039 ordine
953 1957 1122 2067 Thyrfis
1146 1985 1202 2041 20

141 2096 245 2177 Con.
275 2097 499 2207 Nymphae,
515 2136 517 2140 ⁷
532 2097 653 2179 noster
685 2124 804 2199 amor,
833 2096 1093 2182 Libethridesr
1143 2112 1206 2177 aut

35 2216 40 2229 ἶ
84 2335 87 2341 Ι
324 2237 422 2316 mihi
440 2265 604 2334 carmen,
1327 2228 1331 2237 ¹

141 2374 265 2480 Qale
283 2403 371 2454 meo
391 2378 533 2475 Codro,
553 2374 766 2456 concediter
796 2373 968 2482 proxima
980 2372 1126 2455 Phoebi

140 2512 316 2593 Versibus
335 2513 397 2594 ille
415 2515 527 2596 facit:
559 2533 634 2612 aut,
654 2515 680 2594 fi
699 2542 774 2595 non
790 2512 979 2624 possumus
998 2541 1144 2619 omnes,
1178 2508 1184 2517 ’

141 2653 219 2734 Hic
237 2674 363 2761 arguta
381 2654 478 2735 sacra
491 2653 665 2765 pendebit
682 2652 803 2735 fistula
816 2655 919 2765 pinu.

66 2779 75 2793 '
139 2793 259 2875 Tnu.
274 2793 450 2894 Pastores,
464 2792 600 2877 hedera
612 2793 969 2877 crescentemornate
981 2805 1166 2907 po'e‘tama
1175 2821 1199 2910 ς

143 2931 324 3030 Arcades,
338 2933 474 3014 invidia
491 2951 711 3042 rumpantur
728 2932 844 3012 utilia
861 2934 1000 3016 Codro.

141 3075 234 3168 Aut,
253 3066 280 3171 sr
298 3071 391 3153 ultra
405 3073 585 3184 placitum
603 3073 770 3170 laudarit,
793 3072 945 3154 baccare
956 3074 1120 3167 frontem

141 3213 302 3318 Cingite,
317 3241 365 3293 ne
385 3215 457 3294 vati
476 3233 607 3295 noceat
620 3214 719 3293 mala
736 3213 863 3320 lingua
879 3212 1017 3296 futuro.

46 3394 49 3403 ·
142 3351 253 3433 Coa.
286 3352 398 3449 ¹Setosr
416 3371 526 3461 caput
544 3351 618 3433 hoc
638 3353 717 3462 apri
733 3352 813 3449 tibi,
829 3352 950 3450 Delia,
969 3341 1111 3462 parvus'

144 3492 195 3573 Et
210 3491 353 3571 ramosa
370 3494 519 3603 Mycon
532 3493 665 3574 vivacis
676 3519 816 3573 cornua
832 3495 942 3578 cervi.
1143 3518 1198 3604 30

143 3631 181 3709 Si
192 3631 385 3742 proprium
398 3630 474 3713 hoc
489 3632 610 3731 fuerit,
626 3630 697 3712 levi
715 3632 761 3712 de
773 3660 959 3713 marmore
978 3649 1054 3712 tota

143 3767 310 3849 Puniceo
328 3767 438 3851 stabis
453 3770 550 3852 suras
562 3770 706 3851 evincta
719 3767 915 3853 cothurno.

47 4014 55 4035 ,
143 3911 264 3994 Tau.
296 3912 432 3992 Sinum·
453 3913 568 4010 ladiis,
587 3929 625 3994 et
640 3909 732 4012 haec
749 3929 786 3992 te
813 3910 902 4011 liba,
926 3909 1071 4018 Priape,
1095 3923 1204 4018 quot-

325 4063 431 4117 annas

139 4173 349 4288 Expediare
367 4177 419 4262 sat
435 4177 516 4262 est:
544 4176 664 4287 custos
677 4203 715 4257 es
732 4174 901 4287 pauperis
914 4169 1026 4254 horti.
1138 4272 1143 4278 Ι
1193 4268 1197 4275 ,

636 4317 728 4424 c4
1102 4303 1221 4387 Nune
