2940 5190
172 351 292 455 -206
364 349 418 445 Ρ.
452 348 725 443 Vraurtrr
760 298 1044 442 Mraouri

178 557 262 639 'fer
285 548 649 663 seopuliclamorem
666 548 762 630 iuter
773 574 865 645 aava
880 548 1108 633 saxadedere
1120 592 1138 651 ς
1239 586 1243 591 ·

176 695 262 778 Ter
278 693 453 804 spumam
470 690 599 772 elium
611 707 649 770 et
667 689 827 770 rorantia
845 687 1010 772 vidimus
1026 688 1134 776 astra.

177 835 325 916 Interea
341 832 452 915 feffos
469 848 599 913 ventus
614 857 709 912 cum
724 827 799 910 sole
815 827 979 938 reliquit,

1 1035 3 1039 -
176 975 378 1085 Ignarique
395 976 478 1056 viae
493 971 714 1082 Cyclopum
732 969 931 1053 allabimur
944 972 1031 1057 oris.

175 1115 312 1197 Partus
328 1113 378 1197 ab
390 1111 534 1195 accedit
550 1129 752 1193 ventorum
763 1111 959 1209 immotus,
972 1129 1011 1193 et
1023 1111 1156 1223 ingena
1167 1143 1267 1236 57⁰

175 1255 285 1367 Ipse;
302 1256 366 1339 sed
381 1254 565 1339 horrificis
574 1255 685 1361 juxta
702 1270 807 1334 tonat
820 1255 945 1334 Aetna
957 1253 1088 1358 ruinis,
1241 1280 1244 1285 ¹

175 1394 449 1505 Interdumque
459 1413 577 1475 atram
589 1393 802 1504 prorumpit
811 1392 860 1473 ad
873 1391 1022 1475 aethera
1034 1394 1195 1498 nubem,

176 1488 351 1616 ‘l'urbiue
367 1535 585 1618 fumantem
598 1533 706 1642 piueu
718 1551 758 1615 et
771 1531 952 1614 candente
963 1531 1103 1636 favilla,

175 1674 404 1784 Attollitque
418 1675 551 1783 globos
563 1673 818 1769 flamurarum,
836 1690 876 1754 et
892 1673 1009 1757 fidem
1020 1673 1180 1760 lambit:
1227 1752 1230 1757 .

107 1912 114 1921 .
174 1814 374 1895 Interdum
388 1813 558 1924 scopulus
575 1813 770 1922 avolsaque
783 1810 918 1893 viscera
934 1813 1076 1907 montis
1162 1843 1224 1933 57
1230 1848 1259 1933 ς

174 1953 299 2063 Erigit
316 1955 499 2050 erutum,
518 1951 793 2062 liquefadtaque
818 1950 904 2033 saxa
921 1951 990 2034 sub
1007 1982 1113 2038 auras

173 2093 281 2177 eum
299 2094 444 2205 gemitu
458 2096 655 2203 glomerat,
668 2093 865 2204 fundoque
881 2095 1069 2178 exaestuat
1084 2097 1181 2181 imo.

171 2234 294 2320 Fama
308 2236 377 2340 est,
394 2236 573 2318 Enceladi
587 2232 795 2317 somatum
807 2232 973 2318 fulmine
990 2263 1128 2349 corpus

172 2374 310 2485 Urgeri
323 2375 427 2458 mole
441 2375 526 2474 hac,
545 2376 814 2486 ingentemque
825 2372 973 2485 insuper
990 2376 1158 2459 Aetnam
1228 2418 1239 2432 ··

174 2510 409 2625 Impofitam,
423 2517 541 2625 ruptis
559 2515 758 2598 flammatu
773 2514 943 2624 expirare
958 2516 1137 2615 caminis;
1160 2517 1254 2630 58⁸

173 2652 239 2749 Et,
253 2652 388 2734 fedum
406 2656 552 2764 quoties
568 2672 691 2735 mutat
705 2653 814 2752 latus.
831 2652 1031 2736 intremere
1041 2683 1202 2739 omnem

171 2789 376 2877 Murmure
392 2795 642 2893 Trinacriam,
663 2812 703 2877 et
719 2793 872 2877 coelum
888 2793 1080 2879 subtexere
1096 2796 1222 2880 firmo.

172 2932 346 3020 Nodem
363 2938 470 3020 illam
481 2939 568 3021 teeti
576 2938 694 3047 *sylvis
705 2937 887 3018 immania
900 2936 1067 3021 monstra

170 3074 421 3162 Perferimust
452 3108 537 3177 nec,
549 3108 645 3190 quae
665 3065 829 3161 sunitum
847 3079 1046 3181 deterrita,
1063 3081 1250 3172 videmus.

168 3213 280 3297 Nam
291 3243 416 3326 neque
436 3236 539 3299 erant
550 3218 735 3300 astrorum
746 3218 862 3327 ignes,
878 3245 949 3299 nec
964 3217 1111 3302 lucidus
1121 3218 1251 3302 aethra

173 3354 320 3437 Siderea
336 3356 472 3467 polus3
500 3358 659 3441 obscuro
673 3360 734 3440 sed
751 3359 880 3441 nubila
891 3360 1012 3456 coelo,
1159 3363 1247 3474 586

19 3553 23 3561 -
105 3562 129 3589 ,
165 3491 223 3577 Et
245 3494 376 3578 lunam
392 3497 432 3577 in
449 3496 582 3578 nimbo
602 3525 680 3579 nox
698 3497 919 3609 intempesta
933 3499 1094 3582 tenebat.
1225 3519 1229 3527 ·

161 3632 321 3736 Postera
341 3638 495 3748 jamque
512 3639 590 3720 diet
610 3640 734 3750 primo
756 3639 925 3748 surgebat
943 3641 1039 3736 1300,

170 3775 487 3891 Humentemque
504 3810 635 3865 aurora
652 3782 742 3893 polo
755 3781 962 3862 dimoverat
982 3780 1183 3865 umbram:

171 3919 278 3999 Cum
290 3921 412 4004 subito
427 3953 449 4004 e
466 3925 593 4034 sylvis,
606 3926 728 4007 macie
751 3922 921 4006 confetia
938 3924 1121 4033 suprema,
1157 3953 1244 4036 590

169 4058 294 4168 ignoti
310 4088 408 4145 nova
426 4062 550 4146 forma
567 4068 636 4146 viri
654 4065 935 4174 miserandaque
953 4063 1062 4146 cultu

165 4199 355 4300 Procedit,
370 4201 600 4313 supplexque
619 4205 818 4288 minusad
838 4204 944 4289 litora
962 4204 1093 4288 tendit.

225 4357 227 4361 ’
650 4322 655 4327 ’
995 4343 1229 4460 Respicimuu
