2940 5190
283 438 290 453 Ἰ
327 336 431 465 364
513 330 563 425 P.
599 329 870 449 Vrnor‘a'rr
904 327 1186 463 Maaorrrs

322 535 455 649 Quem
468 531 585 615 metui
597 529 804 612 moritura?
824 502 923 611 faces
937 530 977 610 in
988 530 1104 614 castra
1115 532 1393 651 tuliffem,6o4

322 671 614 787 implessemque
623 671 731 775 ‘foros
742 669 904 752 flammis
916 710 928 767 ;
952 688 1161 783 natumque
1174 694 1410 792 patremque.

320 813 428 897 Cum
463 840 598 924 genere
633 812 856 909 extinxem3
890 829 1033 894 memet
1067 813 1178 926 super
1210 818 1287 932 ipsa
1327 820 1397 904 de-

479 1022 492 1051 „
510 950 655 1036 diffem.
1013 958 1018 965 ’

324 1091 401 1192 sot,
429 1092 495 1205 qui
513 1109 696 1175 terrarum
721 1090 886 1173 flammis
907 1119 1020 1204 opem
1046 1094 1175 1176 omnia
1193 1094 1336 1199 lustras,

322 1231 467 1343 Tuque
480 1229 616 1313 lurum
635 1232 811 1342 interpres
829 1258 1017 1332 curarum,
1036 1251 1075 1314 et
1092 1232 1238 1316 conscia
1256 1236 1375 1344 Juno,

317 1371 602 1488 'Nodtunisque
621 1370 771 1453 Hecate
782 1371 897 1452 triviis
914 1369 1054 1453 ululata
1070 1396 1137 1483 per
1157 1375 1280 1477 urbes,

322 1511 377 1626 Et
393 1512 508 1594 Dirae
525 1510 685 1616 ultrices,
701 1527 739 1593 et
756 1511 797 1593 di
815 1512 1007 1596 morientis
1026 1511 1161 1613 Elissa
1213 1573 1216 1581 -
1300 1519 1390 1603 610

324 1655 499 1766 Accipite
512 1653 617 1753 haec,
627 1656 883 1764 meritumque
894 1653 1004 1736 malis
1016 1656 1194 1738 advertite
1207 1638 1369 1764 numen,

323 1797 379 1879 Et
396 1795 535 1878 nostras
548 1794 672 1876 audite
686 1823 823 1907 preces.
854 1795 883 1875 fi
902 1812 1051 1904 tangere
1067 1816 1196 1906 portus

323 1933 533 2016 Infandum
551 1951 676 2042 caput,
690 1961 734 2013 ac
747 1933 850 2014 terris
862 1933 1009 2031 adnare,
1027 1934 1167 2017 neceffe
1186 1936 1254 2036 est,

324 2071 384 2159 ut
394 2072 444 2156 fic
460 2074 536 2157 fata
554 2074 658 2185 Jovis
672 2074 827 2185 poscunt
837 2115 851 2173 3
879 2073 942 2155 hic
956 2075 1136 2157 terminus
1155 2075 1309 2162 haeret:

267 2268 270 2275 -
325 2212 394 2310 Αἱ,
411 2210 512 2293 bello
530 2211 678 2293 audacis
691 2212 824 2323 populi
841 2230 995 2295 vexatus
1007 2230 1044 2296 et
1056 2214 1182 2313 armis,
1312 2220 1400 2327 615

324 2351 484 2435 Finibus
500 2352 668 2450 extorris,
686 2350 891 2463 complexu
907 2352 1051 2434 avulsus
1065 2353 1151 2457 loli,
1178 2362 1182 2373 '

306 2482 309 2487 ¹
327 2492 532 2575 Amulium
545 2491 731 2602 impioret3
745 2492 941 2602 videatque
961 2493 1114 2602 indigna
1135 2493 1288 2576 suorum

326 2615 501 2715 Funera:
534 2659 616 2730 nec,
641 2661 734 2715 cum
751 2633 786 2715 se
803 2633 871 2713 sub
889 2631 988 2742 leges
1000 2635 1101 2743 pacis
1112 2634 1263 2743 iniquae

326 2772 555 2872 Tradiderit,
576 2799 709 2883 regno,
727 2791 793 2856 aut
816 2789 942 2884 optata
961 2770 1045 2855 luce
1063 2771 1232 2871 fruatur3
1313 2775 1401 2884 619

328 2914 402 2998 sed
420 2914 526 2995 cadat
551 2929 635 2994 ante
649 2914 766 3014 diem,
793 2913 992 3023 mediaque
1013 2910 1230 3000 inhumatus
1250 2938 1371 2997 arena.

327 3056 438 3157 Haec
464 3082 617 3167 precorr
657 3053 761 3136 hanc
790 3082 926 3136 vocem
956 3073 1165 3136 extremam
1192 3081 1285 3135 cum
1316 3053 1400 3136 san-

511 3191 624 3299 guine
643 3189 776 3275 fundo.

328 3328 441 3410 Tum
452 3357 532 3428 vos,
551 3359 576 3410 o
593 3333 714 3440 Tyrii,
734 3333 889 3441 stirpem
917 3351 955 3414 et
977 3360 1093 3441 genus
1106 3360 1220 3412 omne
1232 3331 1407 3412 futurum

211 3519 221 3526 ·
327 3471 509 3551 Exercete
529 3470 647 3567 odiis;
675 3471 865 3580 cinerique
882 3469 975 3553 haec
996 3471 1136 3550 mittite
1148 3469 1275 3551 nostro

299 3611 303 3617 ’
328 3608 504 3693 Munera.
529 3605 655 3691 nullus
672 3636 779 3691 amor
797 3609 957 3719 populis,
982 3635 1051 3689 nec
1075 3606 1226 3689 foedera
1251 3607 1377 3697 sunto.

328 3750 508 3835 Exoriare
521 3750 654 3861 aliquis
666 3748 797 3833 nostris
815 3776 863 3830 ex
883 3749 1018 3831 ossibus
1030 3746 1143 3851 ultor,
1316 3752 1371 3833 62
1379 3774 1403 3861 ς

196 3864 199 3869 ,
268 3865 271 3869 ‚
329 3892 411 3990 Qui
425 3888 510 3990 *face
527 3865 736 3973 Dardanios
757 3889 930 3999 ferroque
947 3889 1097 3998 sequare
1117 3886 1284 3986 colonos,

191 4102 194 4109 .
328 4032 462 4130 Nunc,
483 4028 589 4131 olim,
608 4057 834 4144 quocunque
856 4029 998 4110 dabunt
1022 4026 1058 4109 se
1075 4046 1244 4139 tempore
1257 4024 1389 4113 vires..

329 4167 459 4260 Litora
475 4167 641 4263 litoribus
659 4169 852 4293 certonia,
874 4166 1049 4295 fluetibus
1066 4167 1185 4294 uncias
1221 4254 1223 4260 ,
1349 4200 1384 4255 ..··

327 4360 330 4365 -
1050 4317 1052 4321 ’
1187 4301 1402 4414 Imprecor,'
