2940 5190
298 416 361 513 30
480 379 1154 478 P.'Vrttcrr11Maaours

534 720 975 817 ECLOGA
1042 722 1124 819 IX.

624 889 1000 974 MOERIS.

555 1135 834 1237 Lucinas,
871 1135 1105 1222 Morare.

296 1279 408 1362 Luc.
537 1275 624 1356 UO
650 1277 852 1374 teMoeri,
867 1273 980 1385 pedes
993 1281 1013 1360 ἓ,
1035 1304 1193 1390 an,-qu0
1216 1276 1277 1361 via
1293 1278 1367 1360 du·
1433 1277 1434 1280 ‘

648 1413 653 1425 '
688 1415 753 1512 cit,
774 1417 813 1498 in
833 1416 997 1502 urbem?

249 1563 254 1572 '
295 1555 415 1637 More,
447 1555 484 1632 Ο
503 1553 660 1662 Lycida,
681 1556 758 1636 vivi
779 1557 1016 1667 pervenimus
1028 1597 1041 1655 3
1073 1557 1215 1640 advena
1237 1557 1364 1658 nostri,

295 1693 413 1791 Quod
430 1720 627 1800 nunquam
643 1693 750 1774 veriti
763 1695 889 1777 sumus
902 1713 944 1775 ut
961 1692 1131 1806 poffeffor
1151 1696 1261 1804 agelli

294 1831 470 1933 Diceret:
504 1831 611 1911 Haec
625 1859 712 1913 mea
724 1831 808 1914 suut
820 1872 833 1930 3
865 1849 1003 1913 veteres
1020 1833 1177 1941 migrate
1197 1833 1335 1917 coloni.
1383 1807 1385 1810 ‚

295 1969 415 2050 Nunc
426 1970 528 2083 vicii,
547 1966 677 2069 tristes,
695 1972 877 2082 quoniam
892 1972 986 2053 Fors
1000 1972 1130 2052 omnia
1147 1971 1276 2073 versat,
1337 2002 1362 2086 5

234 2214 237 2220 .
295 2108 382 2189 Hos
399 2109 455 2189 illi
474 2111 596 2220 (quod
610 2139 679 2192 nec
692 2111 788 2193 bene
806 2109 940 2218 vertat)
957 2110 1144 2193 mittimus
1161 2110 1316 2197 hoedos.

295 2249 422 2349 Lac„
441 2251 552 2331 Certe
578 2250 757 2361 equidem
776 2250 980 2351 audiemm,
1012 2279 1089 2361 qua
1111 2251 1148 2334 se
1164 2251 1367 2337 subducere

480 2389 594 2472 colles

296 2529 499 2641 Incipiunt,
519 2527 701 2638 mollique
708 2530 849 2637 jugum
859 2529 1055 2611 demittere
1071 2528 1183 2626 clivo,

297 2668 428 2778 Usque
443 2669 490 2749 ad
502 2695 640 2778 aquam
653 2686 690 2750 et
706 2669 926 2777 veterisjam
940 2666 1056 2749 fracta
1069 2664 1266 2751 cacumina
1278 2667 1368 2779 fagi,

297 2810 442 2891 Omnia
452 2790 678 2890 carminibus
691 2807 857 2891 vestrum
867 2806 1015 2889 servaffe
1028 2803 1245 2889 Menalcan.
1314 2836 1366 2891 10

296 2951 421 3033 Moe.
437 2951 631 3047 Audieras,
650 2968 688 3030 et
705 2950 807 3030 fama
819 2947 903 3029 fuit.
935 2947 996 3029 sed
1009 2947 1174 3028 carmina
1191 2963 1339 3051 tantum

218 3062 221 3069 Ι
297 3064 439 3172 Nostra
455 3089 592 3192 valent,
606 3089 762 3198 Lycida,
777 3087 851 3170 tela
869 3088 963 3168 inter
983 3083 1136 3184 Martia,
1152 3102 1338 3193 quantum

272 3319 275 3326 ¹
298 3224 486 3307 Chaonias
502 3226 646 3325 dicunt,
659 3226 784 3336 aquila
798 3226 981 3324 veniente,
995 3221 1203 3306 columbas.

299 3368 417 3476 Qod
438 3368 505 3447 nifi
521 3396 585 3448 me
602 3395 842 3476 quacumque
862 3393 975 3447 novas
986 3363 1147 3444 incidere
1166 3361 1247 3444 lites

299 3507 403 3586 Ante
421 3503 560 3584 finistra
572 3487 666 3585 cava*
677 3503 876 3585 monuiffet
893 3505 940 3584 ab
960 3502 1045 3582 ilice
1060 3501 1207 3604 cornix,
1319 3523 1335 3579 1
1343 3524 1367 3609 5

299 3645 387 3726 Nec
405 3662 490 3725 tuus
507 3641 570 3724 hic
582 3645 739 3744 Moeris,
756 3673 825 3725 nec
847 3645 984 3725 viveret
996 3642 1072 3750 ipse
1084 3637 1289 3761 Menalcas.

299 3784 414 3868 Luc'.
447 3786 555 3868 Heu!
600 3787 699 3867 cadit
728 3788 766 3865 in
792 3811 1027 3895 quemquam
1053 3799 1202 3861 tantum
1225 3777 1371 3862 scelus?

485 3921 574 4022 heu,
600 3944 663 4006 tua
683 3925 789 4004 nobis

303 4063 424 4141 Paene
441 4060 550 4140 fimul
569 4081 695 4143 tecum
716 4063 840 4143 solatia
856 4079 970 4172 rapta,
984 4058 1187 4142 Menalca!

303 4202 398 4312 Qis
427 4220 573 4281 caneret
592 4201 827 4311 Nymphas?
861 4202 943 4311 quis
969 4199 1134 4282 humum
1155 4195 1372 4277 florentibus

485 4339 613 4455 herbia·
862 4396 864 4400 -
1011 4395 1031 4419 ,
1148 4333 1366 4448 spargeret?
