2940 5190
384 384 747 479 Guoau1cA.
784 379 918 476 Las.
949 378 1031 476 IV.
1145 410 1240 511 117

147 600 150 611 ¹
171 579 249 662 Vix
266 579 402 664 defessa
419 584 544 666 senem
560 581 678 692 passus
695 608 920 690 componere
944 582 1129 680 membra,
1152 590 1159 603 '

171 721 274 801 Cum
288 720 450 805 clamore
464 724 538 804 ruit
552 751 704 832 magno,
735 721 961 829 manicisque
969 722 1163 834 jacentem¹

171 858 363 969 Occupat..
386 861 449 943 ille
467 860 551 942 suae
566 879 695 941 contra
713 887 788 939 non
808 859 1012 940 immemor
1030 861 1127 954 artis,
1146 886 1234 965 440

171 999 314 1081 Omnia
325 1000 560 1085 transformat
574 999 701 1098 seseiu
721 997 899 1078 miracula
916 1024 1055 1094 rerum,
1074 1053 1077 1057 -

169 1111 392 1248 Igneuaque,
424 1136 716 1248 horribilemque
753 1136 884 1234 feram,
925 1133 1158 1243 fluviumque
1188 1133 1236 1212 li-

230 1297 424 1386 quentem.

170 1414 330 1514 Verum,
362 1418 427 1498 ubi
448 1416 549 1498 nulla
567 1416 699 1527 fugam
717 1416 852 1526 reperit
867 1415 1024 1512 fallacia,
1051 1413 1187 1494 visus-

173 1557 218 1636 In
231 1557 303 1638 sese
315 1559 421 1656 redit,
454 1576 564 1667 atque
577 1556 906 1638 hoministandem
920 1585 983 1639 ore
996 1554 1165 1637 locutus:

171 1696 277 1777 Nam
290 1698 373 1807 quis
386 1718 435 1796 te,
448 1699 632 1807 juvenum
641 1696 960 1795 confidentiffune,
977 1695 1115 1777 nostras
1145 1684 1232 1802 445

172 1836 281 1944 Juffit
311 1837 411 1920 adire
445 1839 607 1921 domos?
651 1837 788 1947 quidve
819 1834 908 1918 hinc
938 1836 1066 1946 petis?
1101 1831 1237 1943 inquit.

232 1979 286 2057 At
309 1978 385 2075 ille,

173 2115 261 2212 scis,
282 2117 433 2214 Proteu,
448 2117 626 2226 scisipse;
657 2143 779 2227 neque
791 2114 845 2197 est
857 2136 894 2199 te
906 2116 1031 2199 fallere
1044 2115 1233 2223 cuiquam.

173 2256 245 2336 Sed
261 2275 302 2336 tu
321 2258 443 2337 desme
464 2256 570 2338 velle.
603 2259 717 2338 deum
737 2277 930 2366 praecepta
949 2256 1061 2337 secuti

172 2395 370 2490 Venimus,
401 2392 491 2473 hinc
509 2392 614 2502 lapfis
633 2395 840 2502 quaefitum
853 2393 1001 2476 oracula
1013 2392 1134 2474 rebus.

172 2535 344 2615 Tantum
355 2531 496 2614 effatus.
517 2533 565 2615 ad
577 2531 668 2615 haec
680 2552 778 2615 vates
791 2534 826 2612 vi
840 2534 999 2643 denique
1013 2532 1132 2615 multa
1148 2556 1235 2640 450

172 2672 354 2754 Ardentes
373 2672 501 2752 oculos
521 2673 662 2755 intorfit
679 2649 821 2753 lusuine
840 2675 987 2782 glauco,

171 2813 223 2890 Et
243 2814 397 2919 graviter
412 2810 595 2909 frendens,
626 2813 675 2893 fic
693 2812 776 2892 fatis
793 2841 856 2892 ora
874 2814 1031 2894 resolvit.

172 2948 266 3029 Non
285 2967 321 3028 te
336 2948 473 3031 nullius
486 2968 656 3032 exercent
671 2951 835 3031 numinis
856 2951 929 3031 irae
938 2991 950 3048 ς

172 3089 317 3197 Magna
335 3088 406 3169 luis
423 3090 615 3171 commissa
631 3121 640 3170 ε
672 3090 739 3169 tibi
757 3088 824 3170 has
836 3088 1052 3171 miserabilis
1064 3083 1237 3197 Orpheus

92 3340 93 3345 Ν
134 3324 136 3328 ,
173 3229 479 3338 Haudquaquam
510 3230 561 3308 ob
592 3229 786 3330 meritum,
828 3256 965 3339 poenas
996 3229 1035 3308 ui
1071 3226 1146 3308 fata
1177 3253 1237 3305 re-

233 3368 368 3470 fistant,
793 3421 797 3424 -
1147 3395 1175 3476 4
1182 3399 1203 3478 5
1213 3395 1236 3479 ς

176 3505 346 3604 suscitat,
371 3524 408 3587 et
426 3526 528 3616 rapta
546 3513 700 3619 graviter
716 3539 783 3621 pro
800 3512 956 3619 conjuge
972 3507 1093 3592 saevit.

176 3646 244 3726 Illa
258 3648 426 3756 quidem,
457 3647 550 3731 dum
566 3673 602 3733 te
619 3652 763 3759 fugeret
777 3681 842 3760 per
854 3651 1010 3732 flumina
1023 3673 1208 3757 praeceps,

177 3787 393 3868 Immanem
405 3806 489 3870 ante
504 3793 615 3901 pedes
628 3789 792 3899 hydrum
806 3792 984 3869 moritura
995 3786 1119 3895 puella

178 3925 391 4003 servantum
408 3925 503 4033 ripas
519 3929 592 4010 alta
605 3956 682 4010 non
699 3928 792 4008 vidit
804 3929 843 4007 in
855 3925 981 4006 herba.

179 4066 231 4143 At
241 4060 377 4143 chorus
392 4068 551 4173 aequalis
565 4070 764 4178 Dryadum
774 4068 938 4162 clamore
951 4066 1142 4176 supremos
1154 4072 1240 4173 460

178 4200 387 4315 Implerunt
400 4225 556 4296 montes.
588 4209 722 4292 flerunt
736 4209 977 4321 Rhodopeiae
990 4235 1103 4304 arces,

652 4350 672 4431 1
701 4378 722 4461 3
1085 4344 1250 4456 Altaque
