2940 5190
402 376 758 524 Αιιιιιιιοι.
796 419 1007 526 [ιιΗΝ
1052 352 1057 362 ⁶
1164 456 1260 561 237
1323 414 1328 419 ⁴
1450 468 1455 481 ·

185 622 397 740 imprecor,
425 610 529 710 amu
546 628 687 710 armis:
736 646 904 757 pugnent
928 628 1071 741 ipsique
1098 612 1264 765 nepotes.

194 769 305 849 Haec
324 766 397 846 ait:
428 783 474 847 et
479 786 599 877 partes
612 767 785 847 animum
798 764 987 847 versabat
976 796 1171 869 rnomnes,
1175 756 1263 884 630
1392 856 1395 861 ,
1430 822 1442 833 -

194 907 357 989 Invisam
378 935 556 1016 quaerens
573 908 859 1018 quamprimum
869 908 1091 1019 abrumpere
1107 894 1246 1042 luce-tn.¹

194 1050 304 1129 Tum
316 1048 473 1128 breviter
486 1050 626 1129 Barcen
643 1048 830 1129 nutricem
844 1045 954 1135 affata
967 1038 1142 1148 sichaei,

195 1187 381 1317 Namque
394 1185 499 1266 suam
510 1188 626 1294 patria
642 1187 793 1295 antiqua
804 1184 899 1266 cinis
909 1202 985 1267 ater
999 1186 1249 1274 habebat..

183 1306 1171 1426 ¹·Annam,charamrh1nutrnrhucsrsiesororemt
1239 1322 1243 1331 ’

197 1463 276 1545 Dic
293 1492 429 1575 corpus
446 1452 616 1574 properet
633 1463 772 1545 fluviali
792 1462 897 1572 sparg
897 1491 957 1545 ere
975 1450 1145 1576 lympha,
1178 1468 1203 1550 6
1209 1495 1231 1579 3
1240 1493 1266 1583 ς

196 1603 248 1683 Ει
264 1604 425 1712 pecudes
444 1604 571 1684 secum
592 1622 630 1684 et
653 1603 855 1686 monstrata
874 1604 1018 1714 piacula
1033 1606 1172 1706 ducat,

198 1743 258 1823 Sic
273 1744 420 1825 veniat:
450 1760 568 1852 tuque
588 1726 666 1855 ipsa
682 1745 743 1853 pia
758 1760 841 1851 tege
858 1759 1027 1854 tempora
1044 1747 1147 1829 vitta.
1199 1737 1203 1744 ’
1240 1736 1246 1749 ’

198 1883 305 1963 Sacra
317 1883 403 1988 Jovi
423 1883 564 1992 Stygio,
586 1910 683 1992 quae
702 1884 769 1963 rite
784 1883 931 1992 mcepta
948 1875 1095 1993 paravi,

197 2021 381 2105 Perficerc
397 2024 452 2106 est
470 2025 629 2125 animus,
648 2022 840 2133 finemque
861 2024 1054 2135 imponere
1071 2023 1193 2107 curiae
1239 2022 1245 2033 ’
1338 2134 1341 2141 Ι

200 2163 452 2273 Dardaniique
471 2191 608 2271 rogum
625 2164 752 2272 capitis
763 2164 974 2273 permittere
988 2162 1265 2273 flammae.64o
1371 2138 1377 2155 ι

199 2303 260 2383 Sic
278 2303 339 2384 ait.
371 2301 434 2383 illa
451 2286 614 2411 gradum*
634 2290 757 2382 studio
780 2292 961 2382 celerabat
971 2303 1073 2386 anili.

216 2534 227 2549 F
261 2445 316 2522 At
330 2442 473 2553 trepida
491 2459 529 2522 et
542 2426 681 2554 coeptis
699 2431 926 2523 immanibus
943 2442 1054 2524 effera
1071 2433 1188 2545 Dido,
1240 2444 1242 2449 ’

201 2582 450 2690 Sanguineam
467 2583 618 2665 volvens
633 2583 765 2682 aciem,
784 2573 1013 2695 maculisque
1029 2578 1226 2668 trementer
1243 2577 1248 2589 ’

203 2725 384 2805 Interfusa
403 2752 528 2833 genas,
542 2743 580 2806 et
598 2710 1050 2835 pallidamortefutura,

188 2863 379 2944 Interiora
393 2864 530 2944 domus
547 2848 720 2975 irrumpit
742 2865 941 2968 liminare
952 2865 1043 2946 altos
1122 2860 1127 2869 ’
1179 2866 1266 2976 645

202 3003 429 3085 Conscendit
444 3004 645 3086 furibunda
663 3034 785 3115 rogos,
803 3006 1001 3114 ensemque
1022 3001 1178 3109 recludit

201 3126 457 3242 Dardanium,
467 3172 542 3225 non
556 3145 626 3226 hos
639 3128 847 3253 quaefitum
862 3133 1000 3224 munus
1018 3143 1056 3223 in
1074 3138 1170 3226 usus.

130 3286 134 3298 '
203 3282 294 3380 Hic,
314 3284 516 3394 postquam
533 3283 661 3365 Iliacas
679 3283 793 3363 vestes
812 3300 1022 3392 notumque
1039 3280 1165 3363 cubile

202 3424 418 3536 Conspexit,
437 3424 608 3537 paullum
630 3416 802 3535 lacrymis
822 3443 860 3504 et
882 3416 1008 3506 mente
1027 3441 1183 3522 morata,
1242 3420 1247 3427 ’
1365 3530 1370 3537 .

202 3564 453 3678 incubuitque
472 3586 568 3669 toro,
587 3566 755 3678 dixitque
763 3556 963 3649 ¹novissima
977 3560 1113 3649 verbae
1183 3560 1269 3676 6'50
1367 3546 1374 3565 ⁰

203 3704 346 3785 Dulces
364 3707 529 3806 exuviae,
548 3708 643 3788 dum
659 3707 734 3788 sata
752 3706 915 3814 deusque
933 3704 1110 3799 finebant,

202 3843 377 3951 Accipite
390 3841 489 3924 hanc
508 3846 687 3941 animam,
707 3871 845 3952 meque
862 3841 921 3922 bis
938 3838 1116 3921 exsolvite
1130 3838 1238 3922 curis·
1293 3838 1306 3951 J

202 3983 307 4082 Vixi,
324 4000 375 4084 et,
395 3960 512 4092 quem
525 3986 674 4082 dederat
691 3984 841 4066 cursum
858 3981 1021 4081 fortuna,
1039 3976 1194 4093 peregi:
1263 4094 1268 4105 ι
1292 3980 1298 3988 ’

203 4125 255 4206 Ει
271 4151 372 4208 nunc
396 4150 536 4234 magna
559 4127 636 4209 mei
652 4126 719 4210 sub
737 4143 848 4208 terras
856 4113 935 4208 'ibit
950 4123 1089 4236 imago.
1133 4138 1137 4155 “

1128 4394 1275 4478 Urbem
