2940 5190
119 386 216 484 180
308 384 360 480 P.
393 358 659 486 Vrn'etnrr
690 375 998 510 ‘Minonis‘

111 580 291 670 Vestrum
310 587 385 671 hoc
403 582 617 702 augurium,
631 591 828 700 vestroque
841 589 886 670 *in
911 573 1069 670 nunrine
1083 571 1195 669 Tru·

288 733 329 838 ja
354 730 420 813 est.

99 866 224 947 iCedo
246 870 437 977 equidem,
461 898 543 969 nec,
566 890 663 969 nate,
686 868 755 950 tibi
772 868 969 950 comesire
985 855 1129 951 recuso.

113 1005 381 1092 Dixeratillee
412 1021 451 1092 et
467 1013 549 1119 jam
573 1039 640 1122 per
657 1008 807 1091 moenia
825 1006 958 1090 clarior
971 1006 1066 1118 ignis
1098 992 1195 1121 70'5

98 1147 295 1250 kAuditur,
306 1158 308 1162 ’
314 1151 539 1262 propiusque
551 1152 670 1234 aestus
690 1150 860 1232 incendia
880 1147 1048 1233 volvunt.

116 1289 222 1397 Ergo
234 1316 316 1397 age,
332 1287 444 1372 chare
457 1307 573 1400 pater,
586 1288 722 1372 'cervici
738 1289 932 1399 imponere
951 1285 1097 1368 nostrae
1106 1310 1122 1367 't

116 1430 201 1538 Ipse
220 1429 353 1508 ‘subibo
372 1427 552 1527 humeris,
572 1458 641 1511 nec
657 1457 722 1511 me
742 1429 847 1510 labor
867 1427 934 1510 iste
950 1426 1130 1538 gravabit.

1122 1570 1130 1585 9
1162 1555 1169 1574 Ὶ

75 1605 79 1612 ·
119 1573 211 1679 Qu
228 1598 285 1650 res
313 1599 462 1680 cunque
489 1571 641 1671 cadent,
666 1599 788 1653 unum
816 1590 855 1654 et
881 1557 1089 1652 commune
1124 1595 1199 1680 pe·

304 1706 453 1808 siclum,
1175 1692 1177 1699 ¹

120 1846 210 1927 Una
230 1847 325 1928 salus
341 1846 526 1928 ambobus
545 1849 637 1929 erit.¹
658 1846 755 1927 mihi
778 1874 910 1958 parvus
933 1847 1038 1935 Iulus
1101 1836 1196 1960 71⁴0

120 1986 178 2065 Sit
199 2014 338 2083 comes,
358 1986 530 2096 etlonge
546 1986 661 2070 servet
674 1984 825 2094 vestigia
838 1989 990 2096 conjux.

120 2125 203 2207 Vos
221 2126 367 2226 famuli,
391 2157 487 2238 quae
502 2129 640 2226 dicam,
652 2127 787 2209 animis
800 2127 974 2209 advertite
986 2123 1125 2240 vestris.

120 2265 191 2348 Est
208 2270 302 2352 urbe
319 2270 465 2379 egreffis
475 2262 659 2370 tamnus,-
677 2268 938 2379 templumque
948 2267 1139 2349 vetustum

115 2409 298 2491 Desertae
315 2412 471 2508 Cereris,
479 2405 661 2523 juxtaque
678 2410 831 2519 antiqua
852 2408 1050 2520 cupreffus,
1158 2389 1166 2403 ⁶

108 2546 335 2658 ·.Relligione
351 2570 501 2661 patrum
519 2552 660 2636 multos
676 2551 812 2634 servata
827 2578 893 2661 per
910 2532 1051 2633 annos.¹
1101 2550 1194 2666 713

123 2685 237 2770 Hanc
259 2716 308 2770 ex
328 2689 470 2772 diverso
488 2692 825 2775 sedemveniemus
843 2694 881 2773 in
896 2694 1024 2773 unam.

122 2828 203 2930 Tu,
219 2832 376 2941 genitur,
395 2861 486 2945 cape
498 2835 597 2917 sacra
610 2864 739 2935 manu,
758 2825 967 2946 patriosque
984 2832 1153 2914 Penates.

123 2969 208 3067 Me,
228 2973 367 3056 bellue
392 2992 495 3056 tanto
513 2974 714 3084 digreffurn
731 2992 769 3056 et
787 2974 900 3055 caede
913 2972 1063 3068 recenti,
1100 2999 1103 3003 ’
1158 2989 1163 2996 “

118 3110 332 3195 attrectare
343 3089 449 3194 'nefas
459 3153 472 3212 3
501 3114 622 3198 donec
635 3143 698 3197 me
712 3098 869 3195 flumine
889 3111 975 3192 vivo

122 3250 304 3338 Abluero.
399 3270 405 3279 “
1108 3245 1200 3366 726
1253 3248 1258 3258 ’

124 3389 235 3477 Haec
253 3388 362 3490 fatus,
384 3390 475 3474 latos
491 3375 670 3474 humerus
697 3391 932 3500 subjectaque
950 3387 1048 3472 colla

124 3529 238 3613 Veste
257 3531 376 3643 super,
393 3530 564 3643 fulvique
578 3532 758 3614 insternor
770 3531 868 3643 pelle
885 3531 1014 3628 leonis,

127 3674 372 3783 succedoque
390 3659 507 3759 oneri.
538 3672 688 3753 dextrae
705 3670 742 3754 se
761 3699 896 3784 parvus
915 3670 1019 3755 liilus

110 3794 596 3927 ‘lmplicuitJsequiturque
615 3832 761 3925 patrem
779 3842 855 3896 non
877 3811 1037 3924 paffib'u's
1062 3814 1205 3923 aequis.

125 3957 231 4040 Pone
242 3958 339 4039 subit
349 3959 500 4066 conjux.
522 3955 887 4067 'feriniurper'opaca
899 3955 1081 4036 locorum.
1112 3954 1201 4070 7²5

124 4095 179 4176 Et
199 4125 275 4193 me,
298 4124 414 4204 quem
435 4095 582 4176 dudum
602 4123 679 4175 non
703 4095 779 4178 ulla
799 4097 932 4205 injecta
953 4097 1159 4176 movebant

126 4218 237 4321 Tela,
261 4246 382 4328 neque
406 4216 558 4327 adverso
575 4217 772 4330 glomerati
785 4249 834 4304 ex
847 4220 999 4330 agmine
1014 4218 1148 4312 Graii·
1248 4321 1255 4333 .

1087 4354 1125 4440 N
1130 4382 1205 4436 unc
