2940 5190
333 335 676 428 Buconica.
709 331 841 427 Ecu.
871 334 966 428 VI.¹
1120 335 1189 437 ἰε’

117 537 381 636 Concubitus,
411 536 585 646 quamvis
600 534 699 615 collo
720 533 897 617 timuisset
915 524 1112 642 aratrum,
1126 538 1187 657 5'0'

118 678 171 759 Et
183 679 289 789 saepe
307 677 346 756 in
363 675 436 758 levi
448 673 637 786 quaesisset
656 701 796 756 cornua
815 674 949 761 sronte.
1037 751 1041 759 .
1096 779 1098 782 Ι

118 817 199 920 Ah,
227 797 333 928 virgo
352 816 499 916 infelix,
530 834 574 897 tu
588 844 689 897 nunc
706 818 748 897 in
765 818 957 898 montibus
969 823 1091 905 erras!

118 957 199 1057 Ille,
231 960 327 1041 latua
345 958 502 1039 niveum
514 955 622 1037 molli
636 955 754 1039 fultus
770 955 988 1066 hyacintho,

117 1098 210 1182 llice
228 1101 297 1183 sub
314 1101 420 1209 nigra
435 1098 613 1209 pallentes
627 1098 793 1181 ruminat
803 1096 962 1184 herbar:

117 1243 199 1322 Aut
227 1242 395 1351 aliquam
426 1241 467 1320 in
498 1266 638 1348 magno
657 1238 822 1349 sequitur
852 1265 990 1349 grege..
1021 1241 1186 1329 claudite
1217 1236 1220 1242 ’

301 1378 524 1490 Nymphae,
1127 1417 1185 1501 ες

117 1520 298 1600 Dictaeae
314 1517 535 1631 Nymphae,
567 1546 770 1603 nunonun
779 1520 861 1630 jam
875 1519 1038 1606 claudite
1048 1522 1184 1641 salmoe

116 1659 155 1740 si
171 1687 246 1770 qua
262 1659 359 1741 forte
374 1659 495 1742 ferant
507 1658 710 1741 oculissese
727 1660 839 1743 obvia
855 1661 993 1751 nostris

116 1803 336 1884 Errabnnda
355 1804 459 1887 bovis
478 1801 641 1912 vestigia.
671 1801 821 1886 forsitan
839 1803 964 1906 illum,

118 1945 198 2025 Aut
215 1942 330 2026 herba
345 1964 499 2056 captum
516 1944 637 2044 viridi,
668 1961 734 2024 aut
749 1965 919 2051 armenta
936 1947 1124 2052 secutum,
1148 2022 1150 2026 ,

117 2084 326 2165 Perducant
342 2085 487 2194 aliquae
505 2081 646 2163 stabula
666 2084 713 2163 ad
731 2084 916 2194 Gortynia
929 2116 1075 2176 vaccae.
1127 2095 1187 2193 ὀᾶ

55 2258 60 2267 ·
118 2226 228 2306 Turn
242 2224 343 2305 canit
361 2222 616 2333 Hesperidum
632 2221 807 2303 miratam
822 2226 921 2307 mala
939 2229 1125 2338 puellam:

118 2365 229 2445 Tum
243 2359 555 2443 Phaethontiadas
569 2359 700 2439 musco
715 2361 926 2444 circumdat
938 2370 1086 2452 amarae
1250 2394 1256 2409 ·

119 2501 290 2598 Corticis,
320 2517 431 2608 atque
446 2497 524 2578 solo
533 2527 704 2608 proceras
721 2501 829 2611 erigit
846 2503 960 2592 alnos.
1152 2611 1156 2623 Ι

117 2646 227 2725 Tum
247 2644 359 2740 canit,
385 2660 571 2724 errantem
592 2643 768 2726 Permeffi
785 2644 834 2726 ad
853 2644 1013 2733 flumina
1028 2653 1191 2742 Gallum

118 2786 247 2864 Aonas
264 2785 304 2863 in
323 2802 469 2865 montes
488 2800 530 2862 ut
547 2782 696 2864 duxerit
706 2812 782 2866 uno
795 2784 964 2872 sororum
978 2832 995 2891 3
1109 2798 1153 2880 ·6
1159 2822 1185 2910 5

117 2922 252 3032 thue
269 2922 349 3003 viro
363 2922 509 3005 Phoebi
524 2920 661 3003 chorus
679 2922 1077 3012 assurrexeritomnis:

118 3063 175 3143 Ut
190 3063 309 3144 Linus
325 3061 418 3144 haec
438 3063 493 3142 illi
510 3061 640 3143 divino
657 3061 823 3149 carmine
836 3062 972 3173 pastor,

118 3201 292 3284 Floribus
306 3222 419 3314 atque
429 3204 515 3314 apio
535 3203 654 3285 crines
666 3221 814 3284 ornatus
831 3231 972 3307 amaro,

122 3344 295 3426 Dixerit:
326 3343 397 3425 hos
416 3345 486 3424 tibi
504 3344 595 3426 dant
611 3343 788 3443 calamon,
808 3372 856 3425 en
872 3347 1012 3458 accipe,
1030 3349 1178 3450 Musae,

120 3483 281 3566 Ascraeo
298 3512 394 3595 quos
408 3483 598 3568 anteseni:
629 3484 765 3594 quibus
776 3482 840 3566 ille
858 3483 997 3573 solebat
1020 3530 1025 3543 ·
1128 3522 1188 3609 70

120 3625 317 3708 Cantando
331 3625 465 3736 rigidas
479 3625 662 3707 deducere
676 3625 867 3707 montibus
884 3634 1007 3716 orn'oa.
1111 3672 1129 3689 ·-

121 3764 196 3847 His
209 3767 278 3848 tibi
292 3766 459 3875 Grynaei
478 3765 641 3848 nemoris
659 3766 802 3847 dicatur
819 3767 949 3876 orig0;

121 3905 186 3985 Ne
203 3906 286 4015 quis
305 3905 349 3985 sit
365 3905 484 4007 lucus,
515 3935 595 4016 quo
607 3906 644 3988 se
656 3906 742 4015 plus
746 3907 861 4015 jadiet
875 3905 1030 4016 Apollo.

122 4045 229 4151 Qid
240 4045 372 4156 loquar
383 4067 446 4129 aut
463 4049 628 4159 Scyllam
644 4048 741 4145 Nifi,
760 4074 878 4156 quam
892 4046 993 4129 sama
1005 4050 1125 4132 secuta
1139 4054 1193 4134 est

122 4183 529 4271 Candidasuccinttam
544 4186 761 4270 latrantibus
775 4185 928 4295 inguina
942 4190 1115 4270 monstris
1134 4223 1159 4302 7
1168 4220 1192 4302 ς

671 4329 705 4408 C
737 4355 759 4436 3
1001 4327 1199 4413 Dulichias
