<?xml version="1.0" encoding="UTF-8"?>
<!DOCTYPE html PUBLIC "-//W3C//DTD XHTML 1.0 Transitional//EN"
    "http://www.w3.org/TR/xhtml1/DTD/xhtml1-transitional.dtd">
<html xmlns="http://www.w3.org/1999/xhtml" xml:lang="en" lang="en">
 <head>
  <title>
</title>
<meta http-equiv="Content-Type" content="text/html;charset=utf-8" />
  <meta name='ocr-system' content='tesseract 3.04.00' />
  <meta name='ocr-capabilities' content='ocr_page ocr_carea ocr_par ocr_line ocrx_word'/>
</head>
<body>
  <div class='ocr_page' id='page_1' title='image "./publiivirgiliim01schegoog/publiivirgiliim01schegoog_0330.png"; bbox 0 0 2940 5190; ppageno 0'>
   <div class='ocr_carea' id='block_1_1' title="bbox 388 349 1250 486">
    <p class='ocr_par' dir='ltr' id='par_1_1' title="bbox 388 349 1250 486">
     <span class='ocr_line' id='line_1_1' title="bbox 388 349 1250 486; baseline 0.006 -36"><span class='ocrx_word' id='word_1_1' title='bbox 388 359 750 450; x_wconf 72' lang='lat' dir='ltr'>Aruernos.</span> <span class='ocrx_word' id='word_1_2' title='bbox 802 349 928 445; x_wconf 81' lang='lat' dir='ltr'>er.</span> <span class='ocrx_word' id='word_1_3' title='bbox 964 350 1046 448; x_wconf 86' lang='lat' dir='ltr'>IV.</span> <span class='ocrx_word' id='word_1_4' title='bbox 1153 381 1250 486; x_wconf 76' lang='lat'>233</span> 
     </span>
    </p>
   </div>
   <div class='ocr_carea' id='block_1_2' title="bbox 173 550 1272 4169">
    <p class='ocr_par' dir='ltr' id='par_1_2' title="bbox 191 550 1031 658">
     <span class='ocr_line' id='line_1_2' title="bbox 191 550 1031 658; baseline -0.007 -15"><span class='ocrx_word' id='word_1_5' title='bbox 191 554 378 643; x_wconf 82' lang='lat' dir='ltr'>Lenibant</span> <span class='ocrx_word' id='word_1_6' title='bbox 394 584 511 658; x_wconf 89' lang='lat' dir='ltr'>curas,</span> <span class='ocrx_word' id='word_1_7' title='bbox 530 574 568 638; x_wconf 89' lang='lat' dir='ltr'>et</span> <span class='ocrx_word' id='word_1_8' title='bbox 584 555 698 638; x_wconf 84' lang='lat' dir='ltr'>corda</span> <span class='ocrx_word' id='word_1_9' title='bbox 713 554 829 636; x_wconf 89' lang='lat' dir='ltr'>oblita</span> <span class='ocrx_word' id='word_1_10' title='bbox 844 550 1031 637; x_wconf 87' lang='lat' dir='ltr'>laborum.</span> 
     </span>
    </p>

    <p class='ocr_par' dir='ltr' id='par_1_3' title="bbox 191 694 1199 808">
     <span class='ocr_line' id='line_1_3' title="bbox 191 694 1199 808; baseline 0.003 -27"><span class='ocrx_word' id='word_1_11' title='bbox 191 699 248 781; x_wconf 88' lang='lat' dir='ltr'>At</span> <span class='ocrx_word' id='word_1_12' title='bbox 263 727 340 781; x_wconf 92' lang='lat' dir='ltr'>non</span> <span class='ocrx_word' id='word_1_13' title='bbox 357 697 488 783; x_wconf 85' lang='lat' dir='ltr'>infelix</span> <span class='ocrx_word' id='word_1_14' title='bbox 508 698 626 779; x_wconf 89' lang='lat' dir='ltr'>animi</span> <span class='ocrx_word' id='word_1_15' title='bbox 643 694 860 794; x_wconf 76' lang='lat' dir='ltr'>Phoeniffi5</span> <span class='ocrx_word' id='word_1_16' title='bbox 889 724 1013 807; x_wconf 87' lang='lat' dir='ltr'>neque</span> <span class='ocrx_word' id='word_1_17' title='bbox 1029 725 1199 808; x_wconf 85' lang='lat' dir='ltr'>unquam</span> 
     </span>
    </p>

    <p class='ocr_par' dir='ltr' id='par_1_4' title="bbox 192 835 1259 954">
     <span class='ocr_line' id='line_1_4' title="bbox 192 835 1259 954; baseline 0.008 -35"><span class='ocrx_word' id='word_1_18' title='bbox 192 837 354 920; x_wconf 82' lang='lat' dir='ltr'>Solvitur</span> <span class='ocrx_word' id='word_1_19' title='bbox 371 839 411 919; x_wconf 91' lang='lat' dir='ltr'>in</span> <span class='ocrx_word' id='word_1_20' title='bbox 418 839 580 935; x_wconf 88' lang='lat' dir='ltr'>somnos,</span> <span class='ocrx_word' id='word_1_21' title='bbox 598 835 761 920; x_wconf 81' lang='lat' dir='ltr'>oculisve</span> <span class='ocrx_word' id='word_1_22' title='bbox 774 853 839 917; x_wconf 89' lang='lat' dir='ltr'>aut</span> <span class='ocrx_word' id='word_1_23' title='bbox 848 839 998 946; x_wconf 68' lang='lat' dir='ltr'>pedore</span> <span class='ocrx_word' id='word_1_24' title='bbox 1009 842 1162 922; x_wconf 70' lang='lat' dir='ltr'>nonem</span> <span class='ocrx_word' id='word_1_25' title='bbox 1172 864 1259 954; x_wconf 83' lang='lat'>530</span> 
     </span>
    </p>

    <p class='ocr_par' dir='ltr' id='par_1_5' title="bbox 191 975 1191 1091">
     <span class='ocr_line' id='line_1_5' title="bbox 191 975 1191 1091; baseline 0.003 -32"><span class='ocrx_word' id='word_1_26' title='bbox 191 978 357 1091; x_wconf 85' lang='lat' dir='ltr'>Accipit.</span> <span class='ocrx_word' id='word_1_27' title='bbox 391 979 622 1091; x_wconf 86' lang='lat' dir='ltr'>ingeminant</span> <span class='ocrx_word' id='word_1_28' title='bbox 638 1004 762 1077; x_wconf 87' lang='lat' dir='ltr'>corae,</span> <span class='ocrx_word' id='word_1_29' title='bbox 792 975 985 1087; x_wconf 76' lang='lat' dir='ltr'>rursusque</span> <span class='ocrx_word' id='word_1_30' title='bbox 1001 978 1191 1088; x_wconf 81' lang='lat' dir='ltr'>resurgens</span> 
     </span>
    </p>

    <p class='ocr_par' dir='ltr' id='par_1_6' title="bbox 194 1115 1141 1228">
     <span class='ocr_line' id='line_1_6' title="bbox 194 1115 1141 1228; baseline 0.005 -29"><span class='ocrx_word' id='word_1_31' title='bbox 194 1118 315 1202; x_wconf 89' lang='lat' dir='ltr'>Saevit</span> <span class='ocrx_word' id='word_1_32' title='bbox 331 1146 452 1216; x_wconf 88' lang='lat' dir='ltr'>amor,</span> <span class='ocrx_word' id='word_1_33' title='bbox 473 1145 688 1228; x_wconf 86' lang='lat' dir='ltr'>magnoque</span> <span class='ocrx_word' id='word_1_34' title='bbox 704 1117 844 1200; x_wconf 88' lang='lat' dir='ltr'>irarum</span> <span class='ocrx_word' id='word_1_35' title='bbox 861 1115 1015 1199; x_wconf 74' lang='lat' dir='ltr'>flustuat</span> <span class='ocrx_word' id='word_1_36' title='bbox 1026 1118 1141 1204; x_wconf 87' lang='lat' dir='ltr'>aestu.</span> 
     </span>
    </p>

    <p class='ocr_par' dir='ltr' id='par_1_7' title="bbox 195 1232 1118 1368">
     <span class='ocr_line' id='line_1_7' title="bbox 195 1232 1118 1368; baseline 0.003 -31"><span class='ocrx_word' id='word_1_37' title='bbox 195 1256 257 1339; x_wconf 86' lang='lat' dir='ltr'>Sic</span> <span class='ocrx_word' id='word_1_38' title='bbox 272 1256 366 1341; x_wconf 91' lang='lat' dir='ltr'>adeo</span> <span class='ocrx_word' id='word_1_39' title='bbox 382 1257 522 1358; x_wconf 81' lang='lat' dir='ltr'>insistit,</span> <span class='ocrx_word' id='word_1_40' title='bbox 539 1259 742 1368; x_wconf 84' lang='lat' dir='ltr'>secumque</span> <span class='ocrx_word' id='word_1_41' title='bbox 755 1232 805 1336; x_wconf 86' lang='lat' dir='ltr'>ita</span> <span class='ocrx_word' id='word_1_42' title='bbox 822 1256 934 1338; x_wconf 92' lang='lat' dir='ltr'>corde</span> <span class='ocrx_word' id='word_1_43' title='bbox 951 1257 1118 1341; x_wconf 84' lang='lat' dir='ltr'>volutat:</span> 
     </span>
    </p>

    <p class='ocr_par' dir='ltr' id='par_1_8' title="bbox 193 1394 1266 1511">
     <span class='ocr_line' id='line_1_8' title="bbox 193 1394 1266 1511; baseline 0.002 -33"><span class='ocrx_word' id='word_1_44' title='bbox 193 1395 269 1493; x_wconf 85' lang='lat' dir='ltr'>En,</span> <span class='ocrx_word' id='word_1_45' title='bbox 288 1397 380 1506; x_wconf 92' lang='lat' dir='ltr'>quid</span> <span class='ocrx_word' id='word_1_46' title='bbox 398 1402 497 1505; x_wconf 85' lang='lat' dir='ltr'>ago?</span> <span class='ocrx_word' id='word_1_47' title='bbox 524 1396 690 1478; x_wconf 86' lang='lat' dir='ltr'>rursusne</span> <span class='ocrx_word' id='word_1_48' title='bbox 709 1420 842 1506; x_wconf 87' lang='lat' dir='ltr'>procos</span> <span class='ocrx_word' id='word_1_49' title='bbox 855 1394 953 1477; x_wconf 89' lang='lat' dir='ltr'>irrisa</span> <span class='ocrx_word' id='word_1_50' title='bbox 965 1396 1103 1506; x_wconf 88' lang='lat' dir='ltr'>priores</span> <span class='ocrx_word' id='word_1_51' title='bbox 1175 1403 1266 1511; x_wconf 82' lang='lat'>534&#39;</span> 
     </span>
    </p>

    <p class='ocr_par' dir='ltr' id='par_1_9' title="bbox 173 1522 1265 1654">
     <span class='ocr_line' id='line_1_9' title="bbox 173 1522 1265 1654; baseline 0.005 -35"><span class='ocrx_word' id='word_1_52' title='bbox 173 1522 176 1529; x_wconf 41' lang='lat'><strong>¹</strong></span> <span class='ocrx_word' id='word_1_53' title='bbox 193 1537 402 1649; x_wconf 76' lang='lat' dir='ltr'>Experiar?</span> <span class='ocrx_word' id='word_1_54' title='bbox 422 1539 722 1648; x_wconf 83' lang='lat' dir='ltr'>Nomadumque</span> <span class='ocrx_word' id='word_1_55' title='bbox 739 1554 868 1648; x_wconf 89' lang='lat' dir='ltr'>petam</span> <span class='ocrx_word' id='word_1_56' title='bbox 886 1537 1073 1621; x_wconf 87' lang='lat' dir='ltr'>connubia</span> <span class='ocrx_word' id='word_1_57' title='bbox 1090 1538 1265 1654; x_wconf 79' lang='lat' dir='ltr'>supplex&#39;</span> 
     </span>
    </p>

    <p class='ocr_par' dir='ltr' id='par_1_10' title="bbox 194 1679 1114 1790">
     <span class='ocr_line' id='line_1_10' title="bbox 194 1679 1114 1790; baseline 0.004 -30"><span class='ocrx_word' id='word_1_58' title='bbox 194 1680 305 1787; x_wconf 85' lang='lat' dir='ltr'>Qos</span> <span class='ocrx_word' id='word_1_59' title='bbox 326 1707 398 1790; x_wconf 89' lang='lat' dir='ltr'>ego</span> <span class='ocrx_word' id='word_1_60' title='bbox 413 1680 485 1760; x_wconf 79' lang='lat' dir='ltr'>sim</span> <span class='ocrx_word' id='word_1_61' title='bbox 501 1681 608 1781; x_wconf 81' lang='lat' dir='ltr'>toties</span> <span class='ocrx_word' id='word_1_62' title='bbox 617 1680 701 1788; x_wconf 84' lang='lat' dir='ltr'>jam</span> <span class='ocrx_word' id='word_1_63' title='bbox 717 1679 916 1787; x_wconf 84' lang='lat' dir='ltr'>dedignata</span> <span class='ocrx_word' id='word_1_64' title='bbox 933 1680 1114 1765; x_wconf 77' lang='lat' dir='ltr'>maritos?</span> 
     </span>
    </p>

    <p class='ocr_par' dir='ltr' id='par_1_11' title="bbox 194 1817 1100 1931">
     <span class='ocr_line' id='line_1_11' title="bbox 194 1817 1100 1931; baseline 0.001 -30"><span class='ocrx_word' id='word_1_65' title='bbox 194 1819 325 1902; x_wconf 77' lang='lat' dir='ltr'>Iliacas</span> <span class='ocrx_word' id='word_1_66' title='bbox 342 1821 456 1931; x_wconf 91' lang='lat' dir='ltr'>igitur</span> <span class='ocrx_word' id='word_1_67' title='bbox 476 1817 601 1901; x_wconf 79' lang='lat' dir='ltr'>classes</span> <span class='ocrx_word' id='word_1_68' title='bbox 616 1838 733 1928; x_wconf 88' lang='lat' dir='ltr'>atque</span> <span class='ocrx_word' id='word_1_69' title='bbox 750 1819 884 1899; x_wconf 89' lang='lat' dir='ltr'>ultima</span> <span class='ocrx_word' id='word_1_70' title='bbox 902 1819 1100 1902; x_wconf 90' lang='lat' dir='ltr'>Teucrum</span> 
     </span>
    </p>

    <p class='ocr_par' dir='ltr' id='par_1_12' title="bbox 196 1955 1177 2069">
     <span class='ocr_line' id='line_1_12' title="bbox 196 1955 1177 2069; baseline 0.005 -32"><span class='ocrx_word' id='word_1_71' title='bbox 196 1958 299 2064; x_wconf 84' lang='lat' dir='ltr'>Juffa</span> <span class='ocrx_word' id='word_1_72' title='bbox 310 1959 439 2069; x_wconf 87' lang='lat' dir='ltr'>sequar</span> <span class='ocrx_word' id='word_1_73' title='bbox 453 1965 468 2042; x_wconf 91' lang='lat'>?</span> <span class='ocrx_word' id='word_1_74' title='bbox 496 1958 633 2069; x_wconf 85' lang='lat' dir='ltr'>quiane</span> <span class='ocrx_word' id='word_1_75' title='bbox 650 1955 791 2037; x_wconf 86' lang='lat' dir='ltr'>auxilio</span> <span class='ocrx_word' id='word_1_76' title='bbox 801 1961 908 2065; x_wconf 85' lang='lat' dir='ltr'>juvat</span> <span class='ocrx_word' id='word_1_77' title='bbox 920 1976 1005 2040; x_wconf 91' lang='lat' dir='ltr'>ante</span> <span class='ocrx_word' id='word_1_78' title='bbox 1022 1957 1177 2060; x_wconf 62' lang='lat' dir='ltr'>levatos</span> 
     </span>
    </p>

    <p class='ocr_par' dir='ltr' id='par_1_13' title="bbox 196 2095 1244 2208">
     <span class='ocr_line' id='line_1_13' title="bbox 196 2095 1244 2208; baseline 0.002 -29"><span class='ocrx_word' id='word_1_79' title='bbox 196 2099 249 2179; x_wconf 86' lang='lat' dir='ltr'>Et</span> <span class='ocrx_word' id='word_1_80' title='bbox 268 2099 364 2182; x_wconf 89' lang='lat' dir='ltr'>bene</span> <span class='ocrx_word' id='word_1_81' title='bbox 381 2099 481 2208; x_wconf 90' lang='lat' dir='ltr'>apud</span> <span class='ocrx_word' id='word_1_82' title='bbox 503 2125 689 2179; x_wconf 89' lang='lat' dir='ltr'>memores</span> <span class='ocrx_word' id='word_1_83' title='bbox 712 2096 843 2178; x_wconf 88' lang='lat' dir='ltr'>veteris</span> <span class='ocrx_word' id='word_1_84' title='bbox 858 2095 927 2175; x_wconf 83' lang='lat' dir='ltr'>stat</span> <span class='ocrx_word' id='word_1_85' title='bbox 941 2097 1055 2205; x_wconf 85' lang='lat' dir='ltr'>gratia</span> <span class='ocrx_word' id='word_1_86' title='bbox 1068 2097 1187 2182; x_wconf 74' lang='lat' dir='ltr'>fasti?</span> <span class='ocrx_word' id='word_1_87' title='bbox 1238 2115 1244 2127; x_wconf 90' lang='grc'><em>“</em></span> 
     </span>
    </p>

    <p class='ocr_par' dir='ltr' id='par_1_14' title="bbox 196 2234 1268 2495">
     <span class='ocr_line' id='line_1_14' title="bbox 196 2234 1268 2346; baseline 0.002 -26"><span class='ocrx_word' id='word_1_88' title='bbox 196 2239 295 2346; x_wconf 81' lang='lat' dir='ltr'>Qis</span> <span class='ocrx_word' id='word_1_89' title='bbox 332 2264 397 2319; x_wconf 88' lang='lat' dir='ltr'>mc</span> <span class='ocrx_word' id='word_1_90' title='bbox 424 2255 566 2337; x_wconf 89' lang='lat' dir='ltr'>autem,</span> <span class='ocrx_word' id='word_1_91' title='bbox 604 2236 665 2318; x_wconf 90' lang='lat' dir='ltr'>fac</span> <span class='ocrx_word' id='word_1_92' title='bbox 703 2234 810 2332; x_wconf 88' lang='lat' dir='ltr'>velle,</span> <span class='ocrx_word' id='word_1_93' title='bbox 839 2235 944 2334; x_wconf 85' lang='lat' dir='ltr'>finet,</span> <span class='ocrx_word' id='word_1_94' title='bbox 985 2235 1166 2321; x_wconf 82' lang='lat' dir='ltr'>ratibusve</span> <span class='ocrx_word' id='word_1_95' title='bbox 1203 2239 1268 2322; x_wconf 91' lang='lat' dir='ltr'>su-</span> 
     </span>
     <span class='ocr_line' id='line_1_15' title="bbox 382 2378 1268 2495; baseline 0.001 -36"><span class='ocrx_word' id='word_1_96' title='bbox 382 2378 504 2489; x_wconf 86' lang='lat' dir='ltr'>perbis</span> <span class='ocrx_word' id='word_1_97' title='bbox 1178 2408 1268 2495; x_wconf 80' lang='lat'>540</span> 
     </span>
    </p>

    <p class='ocr_par' dir='ltr' id='par_1_15' title="bbox 199 2516 1156 2631">
     <span class='ocr_line' id='line_1_16' title="bbox 199 2516 1156 2631; baseline 0 -29"><span class='ocrx_word' id='word_1_98' title='bbox 199 2520 348 2602; x_wconf 85' lang='lat' dir='ltr'>Irrisam</span> <span class='ocrx_word' id='word_1_99' title='bbox 360 2520 545 2631; x_wconf 88' lang='lat' dir='ltr'>accipiet?</span> <span class='ocrx_word' id='word_1_100' title='bbox 563 2518 677 2600; x_wconf 90' lang='lat' dir='ltr'>nescis</span> <span class='ocrx_word' id='word_1_101' title='bbox 695 2516 783 2618; x_wconf 84' lang='lat' dir='ltr'>heu,</span> <span class='ocrx_word' id='word_1_102' title='bbox 806 2518 948 2630; x_wconf 92' lang='lat' dir='ltr'>perdita</span> <span class='ocrx_word' id='word_1_103' title='bbox 955 2520 968 2617; x_wconf 60' lang='grc' dir='ltr'><strong><em>ς</em></strong></span> <span class='ocrx_word' id='word_1_104' title='bbox 990 2518 1156 2602; x_wconf 88' lang='lat' dir='ltr'>necdum</span> 
     </span>
    </p>

    <p class='ocr_par' dir='ltr' id='par_1_16' title="bbox 198 2658 953 2768">
     <span class='ocr_line' id='line_1_17' title="bbox 198 2658 953 2768; baseline 0.001 -28"><span class='ocrx_word' id='word_1_105' title='bbox 198 2659 500 2742; x_wconf 86' lang='lat' dir='ltr'>Laomedonteae</span> <span class='ocrx_word' id='word_1_106' title='bbox 513 2660 621 2741; x_wconf 84' lang='lat' dir='ltr'>sentis</span> <span class='ocrx_word' id='word_1_107' title='bbox 637 2660 795 2768; x_wconf 90' lang='lat' dir='ltr'>perjuria</span> <span class='ocrx_word' id='word_1_108' title='bbox 811 2658 953 2768; x_wconf 78' lang='lat' dir='ltr'>gentis?</span> 
     </span>
    </p>

    <p class='ocr_par' dir='ltr' id='par_1_17' title="bbox 198 2797 1204 2908">
     <span class='ocr_line' id='line_1_18' title="bbox 198 2797 1204 2908; baseline 0.003 -29"><span class='ocrx_word' id='word_1_109' title='bbox 198 2799 306 2897; x_wconf 88' lang='lat' dir='ltr'>Quid</span> <span class='ocrx_word' id='word_1_110' title='bbox 323 2797 435 2881; x_wconf 91' lang='lat' dir='ltr'>tum‘?</span> <span class='ocrx_word' id='word_1_111' title='bbox 467 2798 541 2880; x_wconf 91' lang='lat' dir='ltr'>sola</span> <span class='ocrx_word' id='word_1_112' title='bbox 558 2799 648 2908; x_wconf 85' lang='lat' dir='ltr'>fuga</span> <span class='ocrx_word' id='word_1_113' title='bbox 660 2818 787 2880; x_wconf 91' lang='lat' dir='ltr'>nautas</span> <span class='ocrx_word' id='word_1_114' title='bbox 807 2798 1015 2879; x_wconf 88' lang='lat' dir='ltr'>comitabor</span> <span class='ocrx_word' id='word_1_115' title='bbox 1027 2802 1204 2882; x_wconf 85' lang='lat' dir='ltr'>ovantes?</span> 
     </span>
    </p>

    <p class='ocr_par' dir='ltr' id='par_1_18' title="bbox 199 2936 1103 3047">
     <span class='ocr_line' id='line_1_19' title="bbox 199 2936 1103 3047; baseline 0 -31"><span class='ocrx_word' id='word_1_116' title='bbox 199 2940 265 3029; x_wconf 78' lang='lat' dir='ltr'>An</span> <span class='ocrx_word' id='word_1_117' title='bbox 285 2938 423 3046; x_wconf 85' lang='lat' dir='ltr'>Tyriis,</span> <span class='ocrx_word' id='word_1_118' title='bbox 440 2936 621 3047; x_wconf 90' lang='lat' dir='ltr'>omnique</span> <span class='ocrx_word' id='word_1_119' title='bbox 638 2965 755 3018; x_wconf 84' lang='lat' dir='ltr'>manu</span> <span class='ocrx_word' id='word_1_120' title='bbox 773 2936 903 3046; x_wconf 84' lang='lat' dir='ltr'>stipata</span> <span class='ocrx_word' id='word_1_121' title='bbox 928 2962 1103 3017; x_wconf 89' lang='lat' dir='ltr'>meorum</span> 
     </span>
    </p>

    <p class='ocr_par' dir='ltr' id='par_1_19' title="bbox 200 3074 1268 3191">
     <span class='ocr_line' id='line_1_20' title="bbox 200 3074 1268 3191; baseline -0.004 -32"><span class='ocrx_word' id='word_1_122' title='bbox 200 3077 401 3186; x_wconf 83' lang='lat' dir='ltr'>Insequar?</span> <span class='ocrx_word' id='word_1_123' title='bbox 431 3095 467 3158; x_wconf 91' lang='lat' dir='ltr'>et</span> <span class='ocrx_word' id='word_1_124' title='bbox 483 3104 578 3186; x_wconf 88' lang='lat' dir='ltr'>quos</span> <span class='ocrx_word' id='word_1_125' title='bbox 596 3076 747 3156; x_wconf 86' lang='lat' dir='ltr'>Sidonia</span> <span class='ocrx_word' id='word_1_126' title='bbox 770 3077 834 3156; x_wconf 85' lang='lat' dir='ltr'>vix</span> <span class='ocrx_word' id='word_1_127' title='bbox 849 3075 942 3156; x_wconf 90' lang='lat' dir='ltr'>urbe</span> <span class='ocrx_word' id='word_1_128' title='bbox 961 3074 1100 3174; x_wconf 88' lang='lat' dir='ltr'>revelli,</span> <span class='ocrx_word' id='word_1_129' title='bbox 1181 3101 1268 3191; x_wconf 79' lang='lat'>545</span> 
     </span>
    </p>

    <p class='ocr_par' dir='ltr' id='par_1_20' title="bbox 200 3194 1209 3327">
     <span class='ocr_line' id='line_1_21' title="bbox 200 3194 1209 3327; baseline 0.002 -30"><span class='ocrx_word' id='word_1_130' title='bbox 200 3217 342 3298; x_wconf 91' lang='lat' dir='ltr'>Rursus</span> <span class='ocrx_word' id='word_1_131' title='bbox 356 3245 466 3327; x_wconf 81' lang='lat' dir='ltr'>agam</span> <span class='ocrx_word' id='word_1_132' title='bbox 484 3216 629 3325; x_wconf 85' lang='lat' dir='ltr'>pelago,</span> <span class='ocrx_word' id='word_1_133' title='bbox 647 3233 685 3295; x_wconf 88' lang='lat' dir='ltr'>et</span> <span class='ocrx_word' id='word_1_134' title='bbox 703 3216 820 3296; x_wconf 88' lang='lat' dir='ltr'>ventis</span> <span class='ocrx_word' id='word_1_135' title='bbox 837 3216 924 3296; x_wconf 87' lang='lat' dir='ltr'>dare</span> <span class='ocrx_word' id='word_1_136' title='bbox 942 3214 1025 3296; x_wconf 85' lang='lat' dir='ltr'>vela</span> <span class='ocrx_word' id='word_1_137' title='bbox 1039 3194 1209 3324; x_wconf 82' lang='lat' dir='ltr'>jubebo?</span> 
     </span>
    </p>

    <p class='ocr_par' dir='ltr' id='par_1_21' title="bbox 201 3354 1272 3468">
     <span class='ocr_line' id='line_1_22' title="bbox 201 3354 1272 3468; baseline 0.001 -28"><span class='ocrx_word' id='word_1_138' title='bbox 201 3360 307 3458; x_wconf 84' lang='lat' dir='ltr'>Quin</span> <span class='ocrx_word' id='word_1_139' title='bbox 325 3388 481 3457; x_wconf 89' lang='lat' dir='ltr'>morere,</span> <span class='ocrx_word' id='word_1_140' title='bbox 499 3377 540 3439; x_wconf 92' lang='lat' dir='ltr'>ut</span> <span class='ocrx_word' id='word_1_141' title='bbox 555 3359 687 3439; x_wconf 89' lang='lat' dir='ltr'>merita</span> <span class='ocrx_word' id='word_1_142' title='bbox 704 3385 755 3453; x_wconf 89' lang='lat' dir='ltr'>cs,</span> <span class='ocrx_word' id='word_1_143' title='bbox 773 3356 946 3468; x_wconf 87' lang='lat' dir='ltr'>ferroque</span> <span class='ocrx_word' id='word_1_144' title='bbox 953 3374 1074 3439; x_wconf 90' lang='lat' dir='ltr'>averte</span> <span class='ocrx_word' id='word_1_145' title='bbox 1088 3354 1272 3441; x_wconf 83' lang='lat' dir='ltr'>dolorem&#39;.</span> 
     </span>
    </p>

    <p class='ocr_par' dir='ltr' id='par_1_22' title="bbox 202 3496 1121 3609">
     <span class='ocr_line' id='line_1_23' title="bbox 202 3496 1121 3609; baseline -0.002 -30"><span class='ocrx_word' id='word_1_146' title='bbox 202 3499 270 3579; x_wconf 91' lang='lat' dir='ltr'>Tu</span> <span class='ocrx_word' id='word_1_147' title='bbox 283 3498 456 3609; x_wconf 86' lang='lat' dir='ltr'>lacrymis</span> <span class='ocrx_word' id='word_1_148' title='bbox 473 3496 590 3578; x_wconf 74' lang='lat' dir='ltr'>evista</span> <span class='ocrx_word' id='word_1_149' title='bbox 609 3497 715 3594; x_wconf 87' lang='lat' dir='ltr'>meis,</span> <span class='ocrx_word' id='word_1_150' title='bbox 731 3515 774 3577; x_wconf 93' lang='lat' dir='ltr'>tu</span> <span class='ocrx_word' id='word_1_151' title='bbox 791 3496 913 3607; x_wconf 84' lang='lat' dir='ltr'>prima</span> <span class='ocrx_word' id='word_1_152' title='bbox 931 3496 1121 3579; x_wconf 87' lang='lat' dir='ltr'>furentem</span> 
     </span>
    </p>

    <p class='ocr_par' dir='ltr' id='par_1_23' title="bbox 202 3629 1250 3743">
     <span class='ocr_line' id='line_1_24' title="bbox 202 3629 1250 3743; baseline -0.005 -27"><span class='ocrx_word' id='word_1_153' title='bbox 202 3634 289 3733; x_wconf 83' lang='lat' dir='ltr'>His,</span> <span class='ocrx_word' id='word_1_154' title='bbox 309 3662 496 3743; x_wconf 86' lang='lat' dir='ltr'>germana,</span> <span class='ocrx_word' id='word_1_155' title='bbox 515 3633 624 3716; x_wconf 87' lang='lat' dir='ltr'>malis</span> <span class='ocrx_word' id='word_1_156' title='bbox 646 3662 789 3734; x_wconf 84' lang='lat' dir='ltr'>oneras,</span> <span class='ocrx_word' id='word_1_157' title='bbox 807 3651 918 3742; x_wconf 85' lang='lat' dir='ltr'>atque</span> <span class='ocrx_word' id='word_1_158' title='bbox 935 3633 1064 3741; x_wconf 90' lang='lat' dir='ltr'>objicis</span> <span class='ocrx_word' id='word_1_159' title='bbox 1076 3629 1189 3715; x_wconf 86' lang='lat' dir='ltr'>hosti.</span> <span class='ocrx_word' id='word_1_160' title='bbox 1247 3650 1250 3657; x_wconf 83' lang='lat'>&#39;</span> 
     </span>
    </p>

    <p class='ocr_par' dir='ltr' id='par_1_24' title="bbox 185 3746 1270 3885">
     <span class='ocr_line' id='line_1_25' title="bbox 185 3746 1270 3885; baseline -0.005 -24"><span class='ocrx_word' id='word_1_161' title='bbox 185 3775 296 3861; x_wconf 72' lang='lat' dir='ltr'>¹Non</span> <span class='ocrx_word' id='word_1_162' title='bbox 311 3774 415 3856; x_wconf 92' lang='lat' dir='ltr'>licuit</span> <span class='ocrx_word' id='word_1_163' title='bbox 425 3775 581 3857; x_wconf 83' lang='lat' dir='ltr'>thalami</span> <span class='ocrx_word' id='word_1_164' title='bbox 591 3772 785 3885; x_wconf 87' lang='lat' dir='ltr'>expertem</span> <span class='ocrx_word' id='word_1_165' title='bbox 795 3771 871 3855; x_wconf 87' lang='lat' dir='ltr'>fine</span> <span class='ocrx_word' id='word_1_166' title='bbox 883 3746 1041 3852; x_wconf 76' lang='lat' dir='ltr'>crimino</span> <span class='ocrx_word' id='word_1_167' title='bbox 1054 3770 1171 3851; x_wconf 89' lang='lat' dir='ltr'>vitam</span> <span class='ocrx_word' id='word_1_168' title='bbox 1182 3794 1206 3882; x_wconf 82' lang='lat'><em>5</em></span> <span class='ocrx_word' id='word_1_169' title='bbox 1213 3793 1270 3882; x_wconf 73' lang='lat'>50</span> 
     </span>
    </p>

    <p class='ocr_par' dir='ltr' id='par_1_25' title="bbox 203 3912 1224 4024">
     <span class='ocr_line' id='line_1_26' title="bbox 203 3912 1224 4024; baseline 0 -28"><span class='ocrx_word' id='word_1_170' title='bbox 203 3916 353 4024; x_wconf 86' lang='lat' dir='ltr'>Degere</span> <span class='ocrx_word' id='word_1_171' title='bbox 370 3941 475 3995; x_wconf 89' lang='lat' dir='ltr'>more</span> <span class='ocrx_word' id='word_1_172' title='bbox 493 3915 605 4012; x_wconf 87' lang='lat' dir='ltr'>ferae,</span> <span class='ocrx_word' id='word_1_173' title='bbox 627 3914 718 3995; x_wconf 84' lang='lat' dir='ltr'>tales</span> <span class='ocrx_word' id='word_1_174' title='bbox 737 3939 806 3995; x_wconf 89' lang='lat' dir='ltr'>nec</span> <span class='ocrx_word' id='word_1_175' title='bbox 824 3928 973 4020; x_wconf 88' lang='lat' dir='ltr'>tangere</span> <span class='ocrx_word' id='word_1_176' title='bbox 990 3912 1124 3996; x_wconf 82' lang='lat' dir='ltr'>curas?</span> <span class='ocrx_word' id='word_1_177' title='bbox 1219 3936 1224 3945; x_wconf 82' lang='grc'>’</span> 
     </span>
    </p>

    <p class='ocr_par' dir='ltr' id='par_1_26' title="bbox 202 4047 1058 4169">
     <span class='ocr_line' id='line_1_27' title="bbox 202 4047 1058 4169; baseline -0.001 -28"><span class='ocrx_word' id='word_1_178' title='bbox 202 4056 297 4156; x_wconf 87' lang='lat' dir='ltr'>Non</span> <span class='ocrx_word' id='word_1_179' title='bbox 319 4057 453 4142; x_wconf 84' lang='lat' dir='ltr'>servata</span> <span class='ocrx_word' id='word_1_180' title='bbox 469 4054 560 4142; x_wconf 88' lang='lat' dir='ltr'>fides</span> <span class='ocrx_word' id='word_1_181' title='bbox 573 4055 688 4140; x_wconf 90' lang='lat' dir='ltr'>cineri</span> <span class='ocrx_word' id='word_1_182' title='bbox 700 4051 874 4169; x_wconf 72' lang='lat' dir='ltr'>promissa</span> <span class='ocrx_word' id='word_1_183' title='bbox 891 4047 1058 4140; x_wconf 79' lang='lat' dir='ltr'>Sichaen.</span> 
     </span>
    </p>
   </div>
   <div class='ocr_carea' id='block_1_3' title="bbox 1132 4308 1278 4405">
    <p class='ocr_par' dir='ltr' id='par_1_27' title="bbox 1132 4308 1278 4405">
     <span class='ocr_line' id='line_1_28' title="bbox 1132 4308 1278 4405; baseline 0.034 -14"><span class='ocrx_word' id='word_1_184' title='bbox 1132 4308 1278 4405; x_wconf 81' lang='lat' dir='ltr'>Tantos</span> 
     </span>
    </p>
   </div>
   <div class='ocr_carea' id='block_1_4' title="bbox 0 0 1490 5190">
    <p class='ocr_par' dir='ltr' id='par_1_28' title="bbox 0 0 1490 5190">
     <span class='ocr_line' id='line_1_29' title="bbox 0 0 1490 5190; baseline 0 0"><span class='ocrx_word' id='word_1_185' title='bbox 0 0 1490 5190; x_wconf 95' lang='lat' dir='ltr'> </span> 
     </span>
    </p>
   </div>
  </div>
 </body>
</html>
