2940 5190
404 321 740 427 Austrinos.
787 311 899 427 L'ra.
934 308 1016 410 IV.
1155 324 1268 448 ²¹7⁸?-

189 527 305 635 Dum
321 522 503 633 trepidant
517 522 607 621 alae,
626 517 807 628 saltusque
828 515 1000 625 indagine
1016 515 1186 628 cingunt,
1266 596 1274 625 .-

193 664 361 776 Desuper
375 660 586 766 infundam,
604 678 642 742 et
661 660 799 742 tonitru
811 656 962 738 coelum
979 685 1093 739 omne
1105 658 1226 745 ciebo.

195 803 410 914 Diffugient
433 805 603 902 comites,
621 821 660 884 et
681 803 792 883 noue
808 816 978 908 tegentur
996 828 1124 911 opaca
1256 833 1275 904 χ

195 944 421 1069 Speluncam
434 944 539 1024 Dido
555 944 635 1024 dux
653 959 691 1022 et
707 940 892 1051 Trojanus
904 938 1063 1022 eandem
1261 1038 1274 1051 ·

192 1075 414 1171 Devenient.
442 1084 566 1189 adero,
589 1080 739 1164 ettuafi
754 1077 851 1162 mrhr
859 1096 959 1161 certa
973 1080 1152 1178 voluntas,
1175 1107 1225 1166 12
1231 1108 1258 1196 ς

192 1225 431 1306 connubio
417 1251 576 1333 jungam
600 1221 734 1321 stabili,
752 1220 1017 1331 propriamque
1043 1218 1190 1320 dicabo.
1272 1251 1275 1258 ·

195 1363 274 1444 Hic
292 1363 534 1472 Hymenaeus
552 1363 632 1445 erit.
646 1389 723 1443 non
740 1359 930 1442 adversata·
940 1361 1094 1470 petenti,
1265 1427 1275 1459 „

195 1500 477 1608 Annuit-atque
495 1500 590 1581 dolis
605 1500 678 1581 risu
690 1495 875 1607 Cytherea
886 1498 1049 1607 repertis.
1107 1533 1110 1537 ’
1271 1542 1275 1551 “

257 1641 453 1720 Oceanum
472 1637 608 1721 interea
625 1639 773 1748 surgens
789 1664 918 1719 aurora
933 1636 1094 1747 reliquit.
1194 1736 1196 1741 ,
1238 1725 1240 1735 ,
1266 1732 1276 1745 ἢ

201 1782 238 1864 It
260 1767 376 1890 portis
388 1773 519 1889 jubare
539 1799 669 1862 exorto
691 1778 832 1860 delecta
855 1759 1041 1887 juventus.
1180 1810 1196 1869 ι
1206 1811 1263 1898 3⁰

197 1921 307 2002 Retia
327 1949 419 2023 rara,
444 1920 588 2031 plagae,
616 1920 691 2003 lato
707 1918 890 2001 venabula
909 1918 1022 2020 ferro,

198 2058 427 2170 Massylique
443 2077 557 2141 ruunt
575 2061 730 2170 equites,
747 2075 786 2139 et
802 2057 918 2142 odora
943 2085 1083 2141 canum
1098 2062 1166 2147 vis.

198 2184 392 2304 Reginam
412 2195 578 2278 thalamo
600 2181 842 2281 cunstantem
858 2195 905 2275 ad
923 2195 1055 2277 limina
1070 2201 1186 2308 primi

199 2339 416 2422 Poenorum
436 2337 670 2446 exspectant:
701 2335 872 2442 ostroque
894 2332 1043 2442 insignis
1053 2354 1091 2415 et
1103 2365 1198 2420 auro
1268 2371 1275 2429 1

141 2495 147 2507 ·
203 2481 280 2563 Stat
292 2477 448 2586 sonipes,
463 2480 507 2556 ac
521 2475 646 2559 fraena
658 2474 766 2556 ferox
779 2474 986 2584 spumantia
1008 2477 1164 2563 mandit.
1186 2507 1265 2596 135

202 2614 379 2717 Tandem
398 2613 643 2723 progreditur,
662 2639 799 2722 magna
815 2611 971 2721 stipante
983 2631 1139 2715 caterva,

204 2754 394 2835 Sidoniam
409 2752 510 2861 pisto
530 2752 772 2863 chlamydem
786 2752 1015 2832 circumdata
1031 2753 1178 2839 limbo:

119 2985 121 2989 ,
203 2895 278 2972 Cui
302 2892 473 3003 pharetra
489 2919 653 2991 examo,
674 2892 791 2973 crines
808 2889 1022 2971 nodantur
1011 2920 1051 2973 in
1068 2920 1217 3000 aurum,
1273 2980 1276 2984 ,

203 3034 331 3113 Aurea
351 3057 576 3140 purpuream
590 3032 773 3113 subnectit
789 3027 904 3111 fibula
921 3027 1073 3117 vestem

204 3172 369 3251 Necnon
387 3189 425 3250 et
438 3167 592 3279 Phrygii
606 3172 775 3266 comites,
796 3186 834 3249 et
850 3168 965 3249 laetus
983 3169 1097 3267 iiilus,
1187 3200 1268 3282 ¹40

135 3344 138 3348 ⁷
203 3310 411 3399 Incedunt:
443 3309 518 3419 ipse
533 3327 615 3390 ante
630 3310 719 3391 alios
735 3306 1006 3418 pulcherrimus
1024 3337 1156 3397 omnes
1271 3388 1274 3398 ,

207 3449 323 3529 infert
339 3448 375 3532 se
388 3446 531 3528 socium
550 3450 708 3546 Aeneas,
726 3466 839 3557 atque
855 3449 1005 3556 agmina
1016 3448 1157 3558 jungit,

206 3591 350 3700 Qalis,
371 3591 437 3671 ubi
454 3589 650 3673 hibernam
667 3590 839 3699 Lyciarn,
855 3588 1073 3698 Xantlsique
1091 3590 1230 3682 fluenta

206 3730 367 3829 Deserit,
385 3758 429 3812 ac
447 3731 593 3813 Delum
610 3749 815 3812 maternam
827 3729 947 3822 invisit
969 3729 1124 3838 Apollo,

207 3868 460 3980 instauratque
470 3868 623 3954 choros
612 3870 828 3978 ,mixtique
842 3866 1011 3949 altana
979 3895 1122 3950 circum
1189 3893 1241 3975 14
1247 3897 1282 3980 ς·

209 4007 409 4138 §ratesque
420 4008 666 4139 Dryopesque
679 4008 846 4091 fremunt
846 4003 1275 4134 ,pistiqueAgathyrfis
1280 4048 1284 4089 ;

212 4132 320 4274 Ipse
304 4149 405 4265 jugis
422 4147 564 4272 Cynthi
582 4151 756 4272 graditur,
778 4149 961 4274 mollique
980 4149 1160 4236 fluentem
1295 4141 1297 4144 ⁴

1130 4288 1280 4381 Fronde
