2940 5190
379 274 765 417 unamines.
809 315 923 409 Lrs.
961 284 1041 410 IV}
1162 318 1261 472 as}

194 533 324 630 Quam
338 522 468 638 procul
482 523 668 604 incautam
685 545 839 600 nemora
851 518 947 599 inter
959 515 1277 629 Crcll'ralixityo

202 666 329 749 Pastor
349 691 458 775 agens
477 661 572 764 telis,
588 657 772 770 liquitque
787 657 937 740 volatile
952 657 1096 744 ferrum
1260 642 1273 698 ³

193 798 364 888 Nescius.
396 799 460 881 illa
476 798 566 909 sirga
582 795 686 876 silvas
703 794 882 906 saltusque
902 817 1071 909 peragrat
1266 816 1271 829 ’

195 946 398 1028 Dictaeos:
426 940 553 1022 haeret
569 938 672 1020 lateri
690 935 835 1019 lethalis
847 940 1004 1045 arundo
1268 1046 1273 1053 Ι

195 1086 313 1168 Nunc
333 1082 459 1181 media
472 1085 626 1161 Aenean
644 1079 769 1161 secun
783 1107 849 1190 per
865 1083 1015 1164 moenia
1031 1080 1146 1181 ducit,
1263 1108 1267 1115 ’

196 1223 436 1332 Sidoniasque
467 1220 622 1301 ostentat
639 1246 739 1329 opes,
761 1219 969 1330 urbemque
997 1242 1174 1333 paratam.
1207 1253 1234 1339 7
1239 1250 1274 1347 ς

197 1362 335 1472 Incipit
350 1359 468 1459 effari,
489 1358 844 1466 mediaqueinvoce
860 1360 1001 1442 resistit.
1210 1392 1213 1397 ·
1253 1356 1277 1400 ⁴³

196 1502 322 1583 Nunc
333 1500 477 1595 eadem,
505 1496 651 1577 labente
668 1497 741 1595 die,
760 1499 929 1581 convivia
949 1502 1105 1609 quaerit,

199 1637 438 1747 Iliacosque
428 1655 565 1716 nerum
585 1634 738 1715 demens
752 1637 876 1717 audire
897 1637 1038 1722 labores

202 1778 392 1888 Exposcit,
420 1775 667 1886 pendetque
656 1792 792 1858 iterum
810 1777 987 1859 narrantis
1003 1779 1051 1860 ab
1072 1799 1148 1867 ore.
1251 1807 1279 1819 ’·

201 1915 303 2016 Post,
331 1916 396 1996 ubi
414 1913 574 2023 digreffi,
596 1914 800 2024 lumenque
819 1914 973 1998 obscura
990 1918 1149 2002 viciflim
1193 1902 1278 2007 8ο·

204 2059 313 2141 Luna
326 2056 475 2164 premit,
501 2053 727 2162 suadentque
746 2055 913 2137 cadentia
930 2057 1045 2174 sidera
1068 2035 1252 2146 somnos:

204 2195 289 2275 Sola
303 2195 420 2274 domo
438 2212 581 2272 moeret
595 2221 723 2289 vacua,
739 2192 929 2303 stratisque
943 2197 1079 2278 relidtis

204 2336 386 2423 incubat:
418 2333 527 2412 illum
540 2324 674 2414 absens
684 2333 872 2414 absentem
883 2333 1058 2445 auditque
1072 2339 1289 2451 videtques·

204 2478 285 2554 Aut
302 2473 446 2584 gremio
460 2472 677 2572 Ascanium,
693 2472 866 2580 genitoris
881 2473 1042 2584 imagine
1060 2499 1183 2589 capta,
1275 2496 1280 2506 '

208 2615 373 2731 Detinet,
389 2612 586 2693 infandum
604 2612 632 2692 fi
653 2611 779 2693 fallere
791 2611 901 2722 possit
918 2642 1099 2700 amorem.
1219 2619 1243 2704 8
1250 2630 1283 2735 ς’

209 2755 303 2834 Non
320 2767 472 2858 coeptae
489 2749 677 2858 assurgunt
691 2768 818 2846 turres,
840 2778 917 2830 non
932 2780 1036 2834 arma
1050 2757 1226 2862 juventus
1259 2790 1262 2794 ’

209 2895 381 2990 Exercet,
401 2889 571 2998 portusve
584 2908 648 2968 aut
666 2891 943 2998 propugnacula
955 2892 1056 2972 bello

210 3033 314 3109 Tuta
327 3046 453 3138 parant
463 3059 478 3110 -:
508 3021 671 3136 pendent
690 3002 801 3137 opera
818 3032 1031 3140 interrupta,
1051 3031 1267 3144 minaeque·

213 3171 417 3250 Murorum
436 3169 614 3273 ingentes,
630 3184 859 3276 aequataque
877 3168 1054 3286 machina
1071 3174 1188 3260 coelo.

213 3313 343 3414 Quam
360 3306 470 3387 fimus
492 3334 535 3385 ac
553 3306 616 3385 tali
630 3306 801 3415 persensit
820 3308 1054 3418 pesteteneri
1223 3339 1283 3426 90

217 3453 313 3545 Cara
342 3449 445 3555 Jovis
466 3447 617 3554 conjux,
636 3475 705 3528 nec
720 3447 862 3529 famam
877 3450 1019 3532 obstare
1037 3451 1173 3553 firrori3

216 3593 375 3674 Talibus
393 3589 604 3698 aggreditur
617 3591 806 3671 Venerem
825 3566 992 3673 saturnia
1009 3573 1139 3678 dietis:

215 3731 418 3841 Egregium
436 3757 525 3810 vero
542 3729 694 3813 laudem
717 3749 754 3810 et
771 3730 885 3841 spolia
902 3730 1028 3843 ampla
1045 3730 1186 3814 refertis
1263 3742 1273 3761 ⁶

218 3874 375 3981 Tuque,
403 3897 571 3981 puerque
603 3888 714 3972 tuus,
755 3898 939 3991 magnum
970 3890 1008 3955 et
1044 3866 1289 3962 memorabile

405 4026 576 4095 nomm:-

222 4075 1170 4244 uaauoameomsaauommu
1234 4176 1290 4266 93

223 4342 231 4352 ·
312 4341 330 4351 -ι
740 4293 830 4405 1²4
1205 4293 1293 4377 Nee
