2940 5190
276 378 380 473 qr4
464 341 1124 445 P.’V1ao1h11-Mnaoutt

269 544 502 654 Accepitque
517 546 598 625 finu
612 542 724 638 vaste,
753 544 925 654 misitque
939 544 1005 624 sub
1019 571 1185 625 amnem.

270 685 451 804 Jamque
473 686 639 782 domum
679 684 819 764 mirans
863 684 1061 793 genitricis,
1109 702 1146 764 et
1184 679 1343 767 humide

194 877 197 881 ‚
333 849 458 934 regna,

271 962 535 1074 speluncisque
553 961 655 1042 lacus
673 916 826 1058 clausos,
859 923 1036 1071 lucosque
1057 961 1235 1060 sonantes,
1341 1026 1344 1031 -

269 1102 366 1200 Ibat,
394 1122 432 1187 et
420 1104 588 1213 ingenti
607 1123 715 1183 motu
738 1102 959 1212 stupesadtue
972 1128 1173 1213 aquarum,
1250 1109 1347 1218 365·

271 1242 415 1329 Omnia
429 1244 497 1348 snb
515 1266 651 1350 magna
671 1241 830 1321 labentia
852 1241 1012 1322 flumina
1031 1261 1126 1322 terra
1169 1340 1171 1345 y

272 1351 468 1489 Spedtabat
483 1379 622 1457 diversa
639 1378 742 1475 locis,
774 1377 1011 1489 Phafimque,
1041 1381 1282 1489 Lycumque,

117 1598 125 1610 ,
273 1518 326 1611 Et
342 1535 465 1626 caput,
494 1519 593 1597 unde
606 1515 703 1596 altus
717 1517 885 1626 primum
904 1519 939 1599 se
960 1521 1125 1629 erumpit
1141 1520 1323 1630 Enipeus,

273 1655 387 1736 Unde
398 1672 506 1765 pater
523 1654 735 1750 Tiberianis,
764 1673 801 1734 et
818 1657 918 1736 unde
939 1658 1087 1738 Aniena
1100 1658 1251 1758 fluenta,

272 1793 527 1902 saxosumque
538 1792 666 1874 sonam
674 1794 857 1902 Hypanis,
867 1786 1069 1903 Mysusque
1079 1797 1226 1900 Caicus,
1250 1826 1336 1910 370

272 1933 326 2050 ξι
345 1934 495 2049 gemina
514 1949 660 2012 auratus
677 1933 823 2033 taurino
839 1960 977 2012 cornua
993 1932 1101 2014 vultu

272 2074 455 2158 Eridanus
471 2116 482 2173 ;
515 2102 592 2185 quo
610 2101 687 2156 non
701 2074 793 2155 alius
810 2103 875 2185 per
893 2075 1044 2184 pinguia
1058 2076 1157 2157 culta
1315 2153 1318 2160 .

272 2217 319 2299 In
334 2245 436 2333 mue
449 2213 892 2328 purpureumviolentior
905 2215 1025 2299 effluit
1040 2218 1173 2299 amnis.
1288 2282 1291 2288 .

272 2340 476 2463 Postquam
490 2353 543 2434 est
560 2354 598 2432 in
613 2351 767 2434 thalami
784 2354 982 2464 pendentia
999 2359 1151 2467 pumice
1172 2360 1268 2438 tecta

273 2498 510 2590 Perventum,
542 2512 580 2574 et
600 2495 675 2574 nati
693 2494 801 2576 fletus
819 2497 993 2602 cognovit
1012 2498 1136 2578 inanes
1190 2596 1192 2601 Ι
1251 2528 1338 2611 375

273 2638 444 2751 Cyrene:
477 2633 647 2714 manibus
664 2633 825 2743 liquidos
842 2635 932 2714 dant
956 2637 1085 2717 ordine
1099 2635 1220 2719 fontes

272 2775 496 2873 Germanae,
524 2771 704 2881 tonfisque
717 2772 840 2854 ferunt
860 2774 1035 2884 mantelia
1055 2773 1173 2857 villis:
1289 2761 1291 2764 Α
1333 2829 1336 2838 ·

273 2912 495 3023 Parse'pulis
515 2929 667 2992 onerant
685 2912 839 3008 mensas,
867 2931 903 2993 et
916 2911 1025 3021 plena
1042 2933 1226 3022 reponunt
1332 2971 1334 2975 -

272 3052 435 3167 Pocula3
467 3048 669 3129 Panchaeis
682 3051 893 3131 adolescunt
905 3051 1050 3160 ignibus
1065 3079 1158 3131 arae.

272 3193 324 3272 Et
343 3211 479 3287 mater3
513 3191 616 3298 Cape
630 3190 800 3292 Maeonii
819 3189 1001 3270 carchesia
1019 3185 1183 3288 Bacchi,
1248 3193 1334 3302 380
1350 3256 1352 3259 -

273 3336 426 3432 Oceano
440 3331 612 3429 libemus,
644 3332 706 3411 ait
737 3329 845 3438 simul
865 3332 940 3440 ipsa
953 3349 1124 3441 precatur

271 3440 541 3580 Oceanumque
558 3487 703 3579 patrem
716 3497 854 3567 rerum,
888 3468 1160 3579 Nymphasque
1174 3470 1321 3568 sororeS,

268 3613 434 3692 Centum
454 3638 549 3720 quae
567 3608 694 3718 sylvas,
722 3628 876 3690 centum
889 3636 985 3717 quae
1007 3609 1165 3690 flumina
1181 3609 1332 3694 servant.
1348 3659 1350 3663 -

270 3753 351 3834 Ter
368 3752 511 3862 liquido
529 3752 719 3833 ardentem
738 3748 900 3859 perfudit
914 3753 1059 3832 nectare
1077 3750 1255 3831 Vestam:

269 3891 351 3971 Ter
363 3892 516 3972 flamma
528 3893 574 3972 ad
589 3892 783 3974 summum
797 3891 883 3970 teeti
894 3889 1054 3998 subjecta
1071 3889 1218 3970 reluxit.
1251 3892 1303 4002 38
1312 3919 1336 4003 5

269 4031 411 4137 Omine
430 4058 508 4138 quo
527 4030 677 4111 firmans
692 4032 875 4123 animum,
908 4028 956 4108 fic
971 4030 1102 4141 incipit
1115 4030 1217 4141 ipsa:

268 4170 335 4253 Est
352 4172 392 4251 in
410 4168 611 4280 Carpathio
626 4171 798 4280 Neptuni
812 4170 955 4282 gurgite
967 4162 1080 4284 ¹vates,
1277 4272 1280 4276 Δ
1316 4279 1321 4287 Ι

1131 4304 1337 4390 Coeruleur
